2234 3814
20 87 340 178 '‘'lrrnure
380 108 714 182 Steuuoos.
795 127 876 200 3227

15 223 122 285 'ierunt
157 221 250 299 ¹>quod
266 221 439 282 Carneadem
464 225 653 284 Clitomachus
672 221 760 282 scribit
781 220 894 282 dicereb
907 236 959 291 ιιι
1019 247 1026 263 ·

15 301 143 368 solitum,
168 299 300 376 nusquam
322 299 358 359 se‘
370 301 607 370 fortunatiorem,
633 299 718 376 quim
736 293 965 359 Praenesteku.

15 375 105 436 vidiise
119 377 277 436 Fortunam.
314 375 390 452 Ergo
404 376 460 436 hoe
473 377 648 488 divinationis
668 384 781 453 genus·
787 377 872 436 omit·
879 355 979 466 {3:13

15 462 106 513 mfflUS·
879 492 948 536 mus,
959 490 1002 534 με

47 525 134 590 XLII.
155 529 212 590 Ao
232 529 428 590 Chaldaeorum
445 528 565 590 monstra
578 531 743 590 veniamus:
764 529 799 591 de
813 532 1026 608 qui-ommium

11 605 56 666 bus
69 607 202 666 Eudoxus
217 649 225 676 ,
246 607 366 678 Platonis
385 606 494 666 auditor
509 617 526 676 ,’
544 607 572 664 in
585 607 726 681 astrologia
741 649 749 675 ,
766 607 874 682 judicio

9 681 224 748 dodiffimorum
237 683 404 752 hominum,
425 682 505 742 facile
518 683 641 759 princeps
657 725 666 752 ,
685 683 721 740 fic
735 685 875 758 opinatur,

8 757 123 838 id'quod
138 759 266 836 scriptum
281 760 405 837 reliquit:
425 759 562 818 Chaldaeis
576 761 604 820 in
627 759 822 835 praedidione‚
840 765 873 822 ¹&

9 834 191 894 innotatione
205 837 338 911 cujusque
358 839 425 896 vitae
449 854 483 894 ex
505 834 588 894 natali
602 837 663 907 die,
683 835 799 894 minime
819 837 873 897 elle

10 911 185 970 credendum.
225 913 362 971 Nominat
381 915 465 972 ctiam
493 913 654 982 Panaetius,
687 914 735 987 qui
762 930 832 971 unus
856 913 916 976 ὲ88

11 985 104 1048 Stoicis
118 987 318 1064 astrologorum
332 989 463 1063 praedicta
483 989 604 1064 rejecit,
622 985 813 1048 dllrchelaum
840 991 894 1048 &d
910 993 996 1059 neu-4
1018 1047 1026 1060 ,

12 1060 185 1124 Caffandrum
202 1107 212 1135 ,
228 1065 352 1124 summos
365 1066 513 1141 astrologos
528 1064 596 1124 illius
617 1067 727 1135 aetatis,
746 1083 802 1140 qua
816 1056 946 1132 erat¹²l¹¹¹¹

13 1137 85 1214 ipse,
106 1140 171 1200 cum
198 1142 228 1200 in
250 1142 345 1200 ceteris
366 1141 518 1216 astrologiae
538 1141 656 1218 partibus
684 1141 849 1201 excellerent
864 1123 962 1212 'Vsum
1023 1169 1026 1184 ¹

14 1213 65 1276 ltoc
75 1217 262 1294 praedictionis
276 1235 377 1293 genere
398 1230 457 1278 non
478 1217 548 1276 ulos.
586 1219 684 1294 Scylax
704 1218 892 1278 Halicamas·'

14 1289 90 1363 scus(
100 1295 240 1354 familiaris
253 1295 383 1365 Panaetii,
403 1295 538 1354 excellens
550 1295 579 1354 in
600 1295 766 1369 astrologia,
785 1293 877 1354 idem-

15 1373 113 1444 quein
143 1370 264 1446 regenda
285 1369 330 1429 sua
351 1373 462 1430 civitate
488 1371 638 1446 princeps,
669 1380 800 1429 9rtotum
816 1373 873 1430 hoc

15 1445 186 1511 Chaldaicum
200 1443 367 1523 praedicendi
382 1464 467 1524 genus
481 1447 641 1522 repudiavit.
947 1499 949 1506 .

53 1523 123 1594 Sed,
142 1535 175 1583 ut
195 1525 302 1582 ratione
324 1538 456 1593 utamur,
476 1523 578 1582 omiffis
605 1523 736 1593 testibus,
770 1523 807 1582 fic
833 1520 922 1601 isti89j

6 1597 158 1674 disputant,
177 1600 227 1676 qui
240 1602 301 1658 haec
316 1601 514 1660 Chaldaeorum
536 1600 660 1661 natalicia
682 1599 811 1674 praedjua
826 1601 875 1660 de-

16 1675 132 1738 fendunt.
172 1672 242 1735 Vim
264 1677 403 1752 quandam
425 1673 478 1734 effe
497 1677 574 1752 aiunt
593 1675 720 1752 fignifero
741 1678 770 1736 in
789 1677 874 1748 orbe,

17 1753 61 1828 qui
75 1752 170 1814 Graece
187 1752 316 1825 ζωδιακὸς
329 1753 444 1822 dicitur,
463 1754 572 1823 talem,
592 1768 623 1812 ut
643 1754 700 1829 ejus
721 1754 792 1812 orbis
807 1772 874 1814 una-

18 1841 130 1907 quaeque
144 1847 203 1906 pars
217 1829 268 1888 alia
281 1830 337 1889 alio
350 1829 441 1888 modo
462 1842 577 1890 moveat
606 1832 794 1904 immutetque
815 1847 874 1889 coe-
954 1873 962 1890 .

17 1903 95 1974 lum,
113 1907 248 1983 eperinde
268 1916 299 1962 ut
319 1923 439 1983 quaeque
461 1906 543 1966 stellae
572 1907 602 1965 in
623 1907 654 1964 iis
694 1904 873 1983 finitimisque
881 1881 1010 1988 mm&

15 1983 123 2055 partibus
137 1983 189 2042 fint
203 1997 317 2058 quoque
329 1996 456 2056 tempore
476 2002 483 2040 a
504 1999 622 2058 eamque
643 1983 702 2042 vim
722 1980 796 2041 varie
813 2002 1025 2062 mo-rfflmr

19 2060 74 2117 veri
86 2059 118 2117 ab
130 2062 161 2118 lis
175 2057 327 2129 fiuctibus,
348 2076 412 2138 quae
427 2071 561 2118 vocantur
577 2061 701 2117 errantia.
740 2058 813 2118 Cum
829 2079 878 2120 au·
937 2097 939 2104 ·

20 2143 73 2192 tem
86 2137 114 2194 in
129 2153 191 2194 earn
207 2133 292 2211 ipsam
308 2152 413 2210 partem
428 2133 657 2203 orbis'venerint,
677 2137 706 2192 in
720 2136 775 2214 qua
790 2135 821 2194 fit
832 2155 879 2196 or-

20 2220 59 2268 tus
72 2213 125 2287 ejus
139 2225 158 2280 ,'
170 2213 219 2288 qui
235 2209 366 2281 nascitur3
387 2213 477 2270 autin
499 2229 560 2270 eam
586 2253 595 2281 ,
615 2229 678 2287 quae
693 2213 878 2288 conjundium

19 2285 112 2362 aliquid
131 2288 254 2356 habeat,
274 2300 321 2347 aut
344 2287 515 2348 consentiens
533 2307 541 2347 ι
562 2288 746 2364 catriangula
775 2290 813 2357 illi
845 2293 877 2352 δε

19 2363 140 2438 ¹quadrata
169 2365 325 2424 nominant.
372 2364 496 2422 Etenim·
514 2364 543 2418 9⁶
553 2363 616 2423 cum
646 2379 773 2440 tempore
810 2372 877 2429 anni

20 2442 286 2519 tempestatumque,
314 2441 377 2501 coeli
401 2441 597 2502 conversiones
629 2443 877 2504 commutationes-

820 2535 877 2594 que

45 2723 80 2766 ις.
95 2715 171 2760 Torum
182 2713 219 2758 hoc
230 2712 366 2760 cualdricum
375 2711 500 2776 predicandi
506 2718 590 2772 genua]
604 2709 711 2762 Mediam
728 2724 812 2759 vocem
823 2725 875 2762 non
937 2709 956 2716 ”

17 2765 81 2820 haber
92 2777 151 2838 Reg.
165 2773 264 2832 noller,
289 2788 370 2822 necea
387 2775 476 2824 uidetur
493 2773 633 2829 omeliaria,
653 2787 707 2822 cum
723 2774 829 2824 Tullium
842 2775 872 2825 de

6 2833 170 2886 .Genethliacis
186 2851 254 2900 agere
270 2835 322 2886 satis
337 2837 434 2886 coniler.
465 2835 666 2900 Quandoquidem
687 2851 743 2886 vero
760 2843 875 2892 curaturae
937 2845 938 2848 ’

16 2895 97 2946 Cicero
105 2898 133 2948 srt
149 2899 344 2956 studiosrffimus,
361 2915 405 2947 nec
421 2901 434 2948 d
451 2901 545 2962 vulgata
560 2901 662 2962 ledlione
677 2900 785 2950 recedant
802 2901 873 2950 ceteri

18 2959 123 3018 codices,
139 2962 201 3012 hane
220 2962 371 3012 ornithonem
383 2963 488 3013 Librario
509 2964 593 3012 malim
603 2963 720 3019 tribuere,
736 2977 808 3025 quam
818 2964 874 3012 reli·
921 2987 923 2995 r

17 3031 71 3080 quos
82 3025 152 3074 libros
163 3023 316 3090 Gloffematis
327 3025 451 3086 postulare.
482 3029 563 3086 Daorss
879 3065 882 3072 ,

46 3093 80 3136 96.
98 3095 148 3135 Cum
164 3101 253 3148 temporo
267 3094 319 3148 anni
335 3093 519 3154 tempestatumque
538 3092 583 3138 cali
601 3091 740 3150 convrrfionrs
754 3101 871 3137 commatra-

16 3147 114 3214 tionerque
123 3165 186 3198 tanta
193 3151 270 3210 flaua]
301 3155 355 3199 liae
367 3165 474 3202 natatore
483 3153 579 3214 quidem
591 3156 663 3204 Delio
673 3166 765 3200 carent:
783 3149 833 3206 sed,
845 3164 871 3199 ut

20 3209 113 3270 opinor,
135 3214 159 3261 in
178 3213 295 3263 Librarius
312 3213 323 3261 d
342 3217 458 3264 Cicerorie
472 3217 541 3278 culpa
556 3215 589 3264 est
605 3216 775 3264 transferenda.
793 3213 872 3263 MSSti

17 3269 73 3333 Ress·
83 3277 106 3324 ὃ(
118 3276 219 3325 cantab.
231 3276 357 3334 exhibeam
373 3295 420 3324 cum
437 3293 526 3344 rampart
541 3284 591 3325 anni
606 3283 652 3325 cali
666 3277 803 3334 converfirnrr
818 3289 874 3324 tmr·

18 3333 107 3390 defletum
122 3356 147 3386 ur
160 3343 328 3388 commutationes
338 3355 400 3388 rante
406 3341 464 3401 fiant
473 3342 549 3402 acceffu
556 3342 670 3402 stellarum
683 3343 708 3391 da
719 3341 799 3400 raeceffu.
821 3342 873 3388 Uu-

21 3390 64 3452 de,
78 3401 98 3446 n'
136 3402 226 3459 lilim,
248 3401 395 3466 legendum,
422 3421 469 3451 cum
485 3409 529 3452 raelr'
543 3405 873 3466 ronuerssonrrtemprllrtumqus

15 3467 179 3536 'cummunicare
186 3477 251 3547 ¹rurrtq
261 3467 320 3531 fiant
328 3465 405 3530 rrreffrr
413 3467 530 3532 stellarum
541 3467 651 3532 oraeffir
661 3481 670 3524 3
686 3467 765 3520 deleto
780 3463 871 3576 ριιξξὲιιω
