2280 3830
184 101 187 105 ”
226 141 231 152 =
267 117 352 198 2906
452 114 516 181 Du
543 113 747 188 Natura
775 106 1027 176 neotum*
1068 122 1102 140 ‘¹

265 222 447 284 inconstantia
478 223 598 283 veritatis
632 218 807 298 ignoratione
834 219 991 282 .versantur.'
1021 219 1065 284 Ea
1082 227 1135 304 qm·

264 299 437 370 confideret,
456 298 542 378 quim
556 296 708 360 inconsulte
723 312 756 354 ac
768 293 875 356 temere
888 296 1027 370 dicantur,
1047 319 1138 364 vene·

264 376 318 436 rari
329 377 480 456 Epicurum
489 377 536 446 ,δι
549 377 578 436 in
592 391 693 436 eorum
706 369 827 448 ipsorum
839 389 977 447 numero,
991 375 1138 454 dequibus

262 451 326 512 llaec
340 453 455 530 quaestio
470 453 525 524 eli,
544 451 644 512 habere
658 450 765 511 debeat.
804 446 876 508 solua
887 452 964 510 enim
977 451 1064 526 vidit,
1076 455 1138 530 pri.

262 529 344 590 mum
357 527 411 590 effe
425 528 510 600 deos,
529 526 607 606 quod
619 530 648 589 in
661 526 791 588 omnium
805 525 903 587 animis
923 545 1021 588 eorum
1033 531 1138 601 trotio·

262 611 331 666 nem
345 603 512 682 impreffiiler
525 602 580 683 ipsa
592 616 696 666 natura.
736 603 813 678 Quae
827 601 864 660 eii
878 601 954 668 enim
974 621 1060 680 gens,
1080 619 1137 672 aut

262 683 440 759 quod-genus
452 682 619 751 hominum,
639 679 718 758 quod
731 695 790 740 non
810 677 910 738 habeat
929 677 987 740 fine
1001 682 1138 745 doditina

260 759 488 835 anticipationem
502 758 642 838 quandam
656 757 773 816 deorum
791 753 804 812 ἓ
829 772 914 832 quam
928 757 1044 833 appellat
1064 763 1138 831 xpt-

258 834 341 900 lado
354 836 505 912 Epicurus,
524 834 553 894 id
566 835 804 908 etl,anteceptam
818 831 914 918 animo
929 835 968 893 rei
982 835 1133 911 quandam

257 911 505 982 informationem,
525 910 582 970 fine
595 929 650 988 qua
664 926 718 971 nec
742 906 855 982 intelligr
868 907 1018 986 quidquam
1035 952 1045 982 ‚
1071 931 1136 976 nec

241 1033 242 1036 ,
257 989 346 1063 quaeri
361 1030 370 1058 ,
388 1005 442 1047 nec
455 987 580 1064 disputari
592 987 689 1064 potest.
727 983 813 1060 Cujus
827 985 1017 1044 rationiavim
1039 1001 1134 1066 atque

255 1065 402 1132 utilitatem
417 1077 453 1126 ex
466 1065 514 1124 illo
527 1063 626 1125 caelesti
641 1060 769 1140 Epicuri,
788 1059 824 1120 de
837 1059 929 1137 tegula
949 1063 980 1122 δε
995 1063 1135 1140 judicio,

258 1141 403 1210 uolumine
416 1141 581 1216 accepimus.
706 1163 708 1168 ’

270 1255 273 1262 -
295 1217 390 1278 XVII.
409 1218 523 1293 Quoo
544 1218 626 1290 igitur
640 1215 852 1278 fundamentum
864 1213 945 1290 hujus
963 1215 1138 1294 quatiente

63 1353 65 1366 ,
143 1309 147 1314 ·
211 1290 311 1370 44ell,
330 1293 359 1353 id
372 1293 500 1369 praeclare
509 1292 616 1370 jatrum
631 1291 737 1351 viderit.
774 1291 848 1350 Cium
869 1293 944 1350 enim
965 1310 1025 1353 non
1046 1293 1138 1357 instia

255 1381 318 1428 tuto
331 1369 509 1449 aliquo,‚aut
522 1387 619 1439 more,
639 1382 685 1428 aut
699 1368 760 1444 lege
780 1365 812 1426 stt
834 1369 930 1442 opinio
950 1367 1107 1430 constituta
1120 1406 1138 1443 ‚a

138 1485 142 1495 f
227 1525 231 1530 μ
254 1459 422 1522 maneatque
436 1444 471 1505 ad
484 1463 572 1504 unum
587 1447 717 1504 omniurn·
728 1444 806 1504 firma
820 1443 962 1504 consentio
978 1465 987 1503 a
1006 1444 1138 1526 intelligi:

250 1520 360 1581 neceffe
374 1521 429 1592 eli,
448 1517 501 1582 elie
515 1521 601 1591 deos,
619 1522 754 1598 quoniam
768 1517 858 1580 inlitas
873 1537 991 1591 eorum,
1009 1522 1057 1581 vel
1066 1533 1137 1598 po·

250 1595 303 1660 tius
335 1599 442 1660 innatas
474 1597 645 1674 cognitiones
676 1597 819 1658 habemus.
854 1597 901 1656 De
931 1614 996 1676 quo
1022 1610 1138 1678 autem,

252 1676 383 1735 omnium
402 1686 497 1736 natura
518 1673 675 1743 consentit,
701 1673 729 1733 id
751 1677 850 1733 verum
870 1669 924 1736 effe
943 1673 1052 1734 necefle
1075 1677 1138 1742 elui

251 1747 315 1810 Effe
327 1751 408 1827 igitur
421 1751 489 1814 deos
503 1747 695 1812 confitendum
710 1747 756 1808 est.
795 1749 883 1826 Quod
904 1751 1039 1825 quoniam
1057 1752 1130 1814 fere

251 1824 357 1890 constat
369 1829 440 1888 inter
453 1845 552 1888 ornnes
566 1845 624 1887 non
639 1825 815 1906 philosophos
836 1825 923 1884 solun
939 1867 948 1895 ,
967 1825 1014 1886 sed
1028 1829 1138 1896 etiami

250 1901 395 1964 indoctos:
415 1905 550 1964 fateamur
564 1903 686 1964 constare
699 1902 765 1962 illud
778 1903 880 1972 etiam,
899 1901 971 1962 hanc
992 1920 1045 1966 nus
1068 1905 1132 1968 ha·

134 1995 160 2046 r.
172 1983 214 2048 xl.
251 1979 316 2040 bere
328 1979 386 2042 five
398 1981 642 2058 anticipationem,
662 1991 693 2040 ur
705 1977 769 2038 ante
790 1976 870 2048 dixi,
890 1977 946 2038 fite
964 1983 1138 2056 praenotio-2

252 2073 319 2116 nem
342 2055 470 2121 deorum.
506 2056 567 2116 sunt
595 2059 671 2116 enim
693 2055 771 2116 rebus
789 2057 870 2114 novit
889 2071 964 2116 nova
985 2059 1138 2132 ponenda,

252 2133 393 2204 nomina,
410 2145 442 2194 ut
461 2133 595 2210 Epicurus
616 2131 675 2220 ipse·
691 2129 822 2202 πρόληψιν
838 2129 984 2210 appellavit
999 2173 1009 2204 ,
1027 2139 1138 2210 quam}

114 2265 118 2273 .
145 2253 150 2262 -
249 2221 330 2268 antea
343 2227 431 2269 nemo
447 2228 483 2270 eo
497 2209 583 2269 verbo
596 2216 763 2270 nominarat.
1136 2249 1138 2282 ζ

206 2305 240 2363 4ς
287 2285 370 2346 Hanc
388 2287 469 2362 igitur
487 2286 644 2356 habemus,
671 2297 702 2344 ut
722 2284 1138 2358 deoabeator&immortalee

246 2371 385 2436 putemus,
423 2365 499 2438 Quae
513 2363 589 2422 eninr
603 2363 682 2422 nobis
697 2364 792 2420 natura
806 2361 1036 2424 informationem
1044 2363 1138 2426 deoaz

247 2453 311 2496 rurn
325 2439 445 2514 ipsorum
460 2437 560 2509 dedit,
580 2437 677 2500 eadem
699 2437 834 2513 ittsculplit
853 2439 882 2497 in
901 2440 1041 2500 mentibus
1055 2477 1077 2510 ,-
1091 2455 1138 2516 ut,

247 2531 297 2578 eos
311 2526 430 2575 aeternos
444 2517 474 2574 δι
489 2515 583 2574 beatos
595 2515 766 2574 haberemus.
785 2511 873 2590 Quod
888 2513 908 2575 fi
921 2516 959 2574 ita
973 2514 1030 2584 est,
1048 2520 1138 2580 vere*

248 2589 370 2666 expostta
384 2585 428 2650 illa
441 2591 574 2650 sententia
588 2590 673 2650 est'ab
685 2589 807 2666 Epicuro
822 2633 832 2661 ,
859 2591 948 2664 Quod
976 2603 1138 2662 aeremum}

245 2665 414 2744 beatumque
428 2667 477 2736 fit,
493 2665 523 2726 id
536 2683 590 2726 nec
603 2665 703 2726 habere
717 2665 805 2742 ipsum
820 2669 926 2743 negotii
939 2667 1138 2756 quidquam,

99 2723 116 2825 q
131 2757 165 2810 nt
175 2757 300 2826 tangiaco
315 2743 443 2802 exhibere
457 2743 540 2804 alteri.
560 2746 653 2820 itaque
667 2759 759 2820 neque
772 2742 850 2809 aira,
863 2761 955 2820 neque
967 2743 1053 2820 grand
1071 2760 1125 2807 te-

98 2827 152 2884 ιω).
164 2819 321 2887 tamtneti,
340 2818 435 2895 quod,
454 2836 518 2896 quae
531 2819 594 2878 talia
618 2816 726 2886 client,
742 2819 879 2878 imbecilla
898 2817 984 2879 client
1003 2825 1124 2884 omnia.

1 2888 5 2937 l

244 2893 273 2953 Si
287 2895 354 2954 nihil
368 2895 440 2956 aliud
454 2911 656 2972 quaereremus,
675 2895 726 2956 nili
766 2908 778 2953 t
792 2895 860 2956 deos
879 2895 924 2972 pid
938 2896 1125 2974 coleremus,

243 2971 275 3030 &
289 2983 319 3032 ut
330 2970 516 3050 superstitione
529 2970 722 3040 liberaremur,
740 2915 800 3030 itis
813 2983 870 3032 crat
890 2973 1004 3032 dietum.
1042 2993 1138 3038 uam*

245 3049 277 3106 &
289 3047 415 3124 praestans
429 3047 545 3107 deorum
566 3059 663 3106 natura
688 3048 836 3109 hominum
853 3048 953 3124 pietate
961 3047 1042 3108 colen
1082 3071 1125 3126 tr,

243 3123 314 3182 clim·
324 3126 355 3182 dt
369 3135 471 3184 aetema
485 3123 551 3182 ellet
578 3127 609 3182 δε
629 3124 787 3186 beatlliima.
806 3125 888 3184 habet
901 3126 977 3184 enim
991 3143 1042 3186 ver
1082 3147 1123 3190 a·
1137 3149 1138 3204 ;

206 3263 207 3268 ,
242 3201 351 3258 tionem
362 3199 462 3276 justam
477 3200 610 3276 quidquid
625 3199 734 3260 excellit
744 3220 757 3274 3
777 3200 808 3259 &
823 3213 913 3260 metus
934 3203 1013 3260 omn'
1084 3224 1137 3270 η.

241 3288 325 3352 atque
338 3277 377 3334 ira
390 3275 508 3336 deorum
523 3276 610 3352 pulsus
625 3275 698 3337 eliet.
735 3275 892 3354 intelligitur
905 3278 998 3346 euim,
1084 3299 1127 3340 a·

241 3365 269 3416 ta
296 3352 501 3436 immortalique
520 3365 616 3417 natura
638 3353 758 3418 &itam
778 3355 934 3432 &gnte
958 3353 1034 3429 '··rq
1082 3359 1137 3444 ie

606 3453 614 3464 t
1082 3451 1137 3500 ua*
