2280 3830
200 93 291 183 2900'
386 97 447 164 Drs
468 97 666 184 Nursina
686 95 880 167 Dronurt

201 221 231 264 re
246 201 425 278 prudentior:
445 204 475 262 iu
489 203 565 278 cujus
581 203 671 271 libris,
690 205 738 280 qui
752 203 813 264 sunt
827 202 865 261 de
877 203 981 266 Natura
997 203 1071 264 deo·

114 281 116 292 “
199 280 373 348 rum‚nulla
387 278 594 355 speciesdivina
608 278 772 339 describitur.
813 279 880 340 deos
902 279 977 352 enim
999 281 1071 340 otto

50 363 171 432 :nomes
203 351 257 414 esse
273 354 353 414 dicit:
375 357 498 437 quinque
513 373 579 424 eos,
599 356 691 431 quiin
713 355 793 417 stellis
814 359 888 432 vagis
900 358 1074 416 rnominan-

50 443 246 515 representantur
261 451 268 489 ε
289 451 394 502 unum,
434 435 461 492 ui
475 451 510 508 en
524 433 652 502 omnibus
665 431 811 502 sideribus,
830 451 895 509 quae
909 431 992 494 iulixa
1014 451 1072 490 caea

50 509 125 557 tamt.
141 547 143 551 -
201 506 322 577 losum,
342 527 376 568 ex
391 451 508 585 dilpersrs
521 509 597 586 quasi
611 509 741 570 membris
754 509 869 584 simplex
890 507 922 568 fit
933 508 1074 585 putandus

201 584 284 643 deus:
304 585 475 660 septimum,
497 587 589 664 Solem
609 587 754 662 ad'ungit:
780 586 990 662 odavamque,
1011 585 1073 644 L'u-

200 678 282 720 nam:
303 663 351 738 qui
365 681 423 739 quo
436 662 512 722 sensu
525 664 597 721 beati
612 604 665 720 elle
678 663 777 738 possint
795 661 910 737 intelligi
934 680 992 724 non
1006 674 1072 734 pot·

202 737 248 794 est.
287 737 330 798 Ex
358 739 458 798 eadem
491 739 611 798 Platonis
638 739 729 798 schola
756 739 886 798 Ponticus
909 737 1074 804 Heraclides

66 821 109 882 *n
123 832 164 879 tr.
204 814 348 888 puerilibus
362 815 456 874 sabulis
470 815 573 874 resersrt
586 815 684 884 libros:
706 814 770 874 5⁶&
785 827 880 876 tamen
888 813 976 872 modd
986 832 1072 872 mun·

202 889 288 958 dum,
308 904 369 950 rum
384 903 508 950 mentem
523 891 646 950 divinam
662 888 815 968 esseputat:
830 889 977 951 errantibus
985 891 1071 950 etiarn

201 963 464 1044 stellisydivinitatem
480 969 588 1038 tribuit,
608 967 739 1046 sensuque
752 967 836 1026 deum
853 968 996 1043 privat,&
1011 968 1073 1042 ejus

200 1043 323 1101 sormam
350 1045 511 1113 mutabilem
537 1043 590 1104 esse
606 1043 677 1108 vult:
699 1043 857 1120 eodemque
876 1044 906 1102 iu
926 1043 995 1102 libro
1011 1061 1072 1102 rur·

203 1115 244 1176 sus
259 1129 359 1178 terram
387 1122 416 1178 be
439 1121 540 1180 caelurn
555 1121 637 1178 refert
650 1120 679 1178 in
694 1122 769 1180 deos.

157 1219 191 1279 35
240 1195 302 1254 Nec
317 1194 384 1256 'verb
399 1195 584 1274 Theophrasti
596 1197 775 1256 inconstantia
789 1193 901 1256 ferenda
915 1193 961 1255 esl.
980 1195 1074 1254 modo

205 1272 282 1330 enim
297 1275 385 1332 menti
399 1273 526 1332 divinum
541 1271 633 1332 tribuit
647 1273 828 1349 principatum
843 1294 853 1339 3
875 1271 964 1336 rnodd
980 1271 1072 1331 caelo:

205 1359 266 1406 tum
281 1361 373 1422 autern
399 1350 480 1425 segnis
500 1349 681 1428 sideribusque
701 1347 858 1406 caelestibus.
879 1348 941 1406 Nec
957 1349 1076 1408 audien-

100 1457 105 1468 1
205 1423 255 1481 dus
270 1426 326 1500 ejus
342 1425 449 1486 auditor
462 1428 568 1494 Strato,
589 1427 610 1484 is
625 1426 672 1502 qui
685 1424 810 1502 plryficus
831 1424 979 1500 appellatur
995 1445 1002 1484 t
1022 1425 1075 1500 qul

207 1517 325 1559 ornnem
341 1505 399 1560 vim
414 1502 535 1562 divinam
549 1505 578 1560 in
594 1515 688 1562 natura
702 1497 847 1559 stram'esse
869 1501 961 1558 censet
977 1543 986 1570 ‚
1005 1519 1074 1578 quae

208 1587 235 1628 57
245 1580 333 1636 causas
348 1579 496 1653 gignendi,
516 1579 651 1653 lugendi,
670 1576 814 1637 minuendi
826 1575 946 1636 lrabeat:
966 1576 1011 1636 sed
1026 1595 1076 1636 ca·

206 1667 264 1712 reat
277 1657 357 1712 omni
377 1655 454 1714 sensu
480 1657 509 1714 ὅ(
523 1655 617 1730 figura.

160 1731 197 1808 36
240 1730 320 1790 XlV.
338 1731 443 1790 Ztuo
464 1745 556 1790 autem
577 1731 619 1806 (ut
628 1729 688 1805 jam
702 1729 737 1788 ad
751 1728 877 1799 vestros,
896 1727 1001 1799 Brlbe',
1021 1746 1076 1788 ves
1119 1754 1124 1765 ¹

207 1805 295 1881 niam)
315 1809 464 1866 naturalem
480 1809 571 1882 legem
600 1808 721 1869 divinam
745 1804 799 1864 esse
815 1805 931 1874 censet,
952 1823 1076 1882 eamque

207 1884 265 1940 vim
282 1884 406 1948 obtinere
432 1883 504 1944 reda
526 1886 708 1958 imperantem
729 1883 978 1959 prohibentemque
1005 1897 1079 1941 cone

57 1946 59 1950 ’
205 1961 293 2019 traria.
331 1977 416 2038 quarn
429 1959 523 2038 legem
534 1958 682 2038 quomodo
703 1958 802 2018 efficiat
834 1961 1006 2020 animantem
1032 1959 1078 2094 iq·-

148 2057 149 2060 ¹
562 2045 565 2051 ·
1023 2047 1079 2094 te··

242 2180 279 2229 5⁶·
296 2179 325 2222 Et
336 2177 529 2236 tamtummodo
546 2171 649 2225 mundum
660 2208 674 2232 ,.
683 2187 730 2222 tum
744 2177 811 2224 etiam
826 2175 927 2224 divinam
942 2170 979 2238 effe
990 2181 1077 2238 preren]
1112 2225 1116 2232 ,

211 2236 315 2300 corrigo
332 2272 339 2294 ‚
356 2241 382 2292 ds
397 2254 444 2286 rum
459 2242 581 2298 mundum,
596 2253 644 2286 rum
658 2252 745 2286 mentem
762 2237 877 2300 deumtffr
892 2251 974 2303 putare
993 2241 1081 2302 itaque

210 2297 283 2360 plane
292 2299 325 2350 est
338 2305 362 2350 in
374 2300 460 2352 Maffaei
472 2303 551 2360 libro,
566 2299 608 2349 nisr
625 2301 691 2366 quod
706 2299 797 2361 habet,
812 2299 1018 2353 &essartandum
1051 2307 1080 2352 Pe

209 2363 305 2411 Manus.
328 2369 358 2412 Er
372 2381 441 2415 saman
456 2369 516 2412 modo
534 2368 658 2423 mundum]
689 2365 725 2414 Sic
735 2365 807 2417 lettio
819 2364 933 2430 raugam,
950 2363 1084 2428 firmatque

161 2439 164 2446 t
208 2423 283 2476 rarat.
295 2428 364 2489 prim.
376 2442 432 2480 uam
442 2429 533 2479 secund.
544 2443 600 2478 rum.
609 2441 663 2479 tert.
675 2441 767 2478 rorum.
778 2431 803 2478 Ρ.
812 2429 873 2478 dam.
886 2427 1034 2485 Lambinus,
1050 2430 1079 2482 ό·

209 2496 257 2532 rum
267 2493 384 2550 murm,
398 2506 445 2540 rum
460 2507 549 2539 meatem
558 2499 631 2539 Deum
640 2491 678 2552 effe
684 2504 755 2553 puras.
771 2504 851 2554 prater
862 2491 959 2555 scriptos
969 2489 1081 2542 seuerio-

209 2545 277 2600 fisos.
293 2555 381 2607 Gruter.
414 2556 562 2604 crediderim
581 2556 723 2604 Ciceronem
738 2552 865 2616 seripfisse‚
887 2556 1001 2622 mamm
1016 2557 1082 2604 uode

208 2615 322 2670 muudum.
338 2625 372 2666 tta
382 2619 485 2676 Velleius
496 2622 565 2680 paulo
577 2617 628 2680 post
643 2617 674 2666 de
685 2617 805 2668 cleanrne
821 2619 922 2680 loquens
937 2632 992 2666 eum
1006 2632 1081 2670 vocae

208 2675 272 2783 quas
281 2681 421 2738 delirantem,
438 2683 579 2743 &sequenti
592 2695 644 2744 cap.
654 2688 689 2729 1⁶.
706 2681 832 2742 opiniones
847 2681 1013 2745 plerorumque
1025 2683 1083 2745 plri-

221 2735 366 2802 osophorum
378 2747 486 2794 nominat
504 2747 644 2792 delirantem
654 2743 748 2804 sarmoise
777 2749 855 2806 Qtate
869 2745 892 2793 ei
907 2748 982 2794 Cotta
991 2759 1101 2810 exproz,

210 2797 264 2848 brat
274 2818 324 2867 cap.
337 2823 367 2865 34
389 2813 423 2856 Tu
435 2813 455 2871 ip
466 2811 547 2869 «paulo
560 2806 708 2867 aaresummrr
723 2808 783 2856 viror
798 2806 906 2870 defipere,
921 2810 1028 2866 delirare,
1042 2809 1085 2856 ara-

209 2869 435 2928 menreseffedicebas.
468 2873 575 2920 Bouhier.
956 2873 966 2900 ’

244 2944 281 2984 57.
300 2933 374 2992 eausam
380 2935 490 2995 gignendi,
500 2935 591 2996 augendi
597 2933 723 2991 ‚minuendi
733 2932 826 2990 basem]
842 2937 902 2984 Non
911 2932 941 2982 de
950 2933 1028 2984 nihilo
1037 2934 1087 2993 est,-

210 2991 277 3052 quod
288 2993 387 3043 Eliensis
397 3011 456 3046 unus
465 2996 511 3046 hoc
526 3001 551 3045 in
566 2997 623 3046 loco
636 2993 665 3044 sit
682 2995 790 3052 austiors
806 2994 832 3044 iu
846 3011 877 3046 eo
892 2999 959 3048 euim
973 2999 1082 3062 legitur,

210 3068 256 3116 qua
267 3055 339 3123 conspr
346 3062 462 3121 ga'gnmdr',
477 3062 579 3122 augendi,
595 3062 707 3108 minuendi
715 3091 724 3114 ‚
735 3061 868 3108 immittendi
878 3061 965 3117 babeas
979 3064 1005 3110 ἃ
1014 3063 1022 3110 i
1032 3061 1038 3068 '
1081 3081 1084 3110 t

211 3115 308 3166 verbum
326 3124 418 3172 adnexa
433 3123 600 3182 conjunctione
617 3119 762 3185 repraesentat
778 3121 933 3182 Bononienfip
943 3122 1021 3172 annis
1081 3161 1099 3174 ,,

198 3200 200 3208 ’
215 3184 263 3237 Ar,
279 3184 319 3246 qui
330 3199 365 3234 tes
376 3199 459 3248 auget,
474 3201 564 3235 novam
574 3187 603 3234 iis
613 3186 738 3236 materiam
748 3184 873 3243 immittit,
889 3196 1018 3250 quaproprt
1081 3209 1084 3236 ι
1136 3223 1137 3232 ,

214 3258 264 3291 vox
279 3247 365 3297 merlrb
376 3249 462 3296 censeri
472 3262 541 3311 queat
559 3245 722 3302 incommoda.
755 3252 808 3296 Hoc
827 3261 909 3300 tamen
924 3261 974 3298 uon
990 3247 1013 3296 ol
1081 3275 1085 3304 s
1107 3257 1113 3276 ⁸

215 3319 266 3369 quo
277 3310 395 3372 minusad
406 3325 484 3362 veram
495 3312 624 3363 tentonem
637 3307 702 3374 quasi
718 3323 791 3358 mauu
805 3309 895 3368 duoats
911 3325 968 3361 uam
979 3326 1017 3360 om
1081 3325 1090 3358 ν

214 3368 385 3422 rescribendum
397 3373 533 3424 crediderim
548 3390 554 3422 ε
570 3391 615 3439 qua
625 3376 698 3436 causas
709 3374 830 3438 gignendi,
843 3377 952 3439 augendi,
971 3379 1017 3422 min
1081 3379 1088 3422 l

214 3439 388 3502 immutandique
398 3438 489 3496 babenti
507 3441 533 3490 δι
545 3451 606 3492 rum·
616 3436 714 3490 demum
728 3449 815 3499 omne}
831 3438 1013 3494 mussantes:
1081 3461 1088 3474 ·

756 3530 768 3552 a·

1080 3525 1086 3539 ’
1119 3553 1136 3634 t

1130 3777 1135 3827 r'
