2234 3814
240 93 324 167 3144
392 73 953 144 DirDiviriarroiie

237 185 318 247 fuisse
331 189 449 248 tertiam.
487 199 549 248 tuin
565 187 642 248 iilum
657 186 741 246 etiam
757 185 876 246 debilem
896 185 1006 252 ,fastum
1026 231 1036 259 ,
1055 205 1114 256 rem

198 258 204 272 '
236 263 272 322 ad
287 266 392 324 amicos
407 264 555 335 detuliffe,
575 279 696 341 quorum
719 262 755 322 de
778 263 910 323 sententia
930 264 1065 328 lodiculi
1087 271 1112 334 in

84 379 96 422 3
111 367 157 420 „5-
167 383 209 420 m
237 341 345 402 curiam
361 339 415 401 esic
427 342 569 412 delitum,
588 352 747 416 atcumque
758 338 863 400 senatui
874 341 1018 402 somnium
1034 363 1112 406 enar·

15 491 20 498 .
86 434 161 482 idom
235 416 365 490 raviffer,
379 418 493 494 pedibus
508 417 559 478 suis
571 417 676 478 salium
691 418 826 476 tdomurn
842 417 991 478 revertisse.
1013 422 1110 501 ltaque

86 494 196 552 mnium.
235 493 347 556 somnio
361 497 546 572 comprobato
560 495 577 555 *a
591 495 703 564 senatu,
722 495 801 554 ludos
814 494 875 554 illos
889 497 992 556 iterum
1009 500 1110 560 instari·

125 601 128 608 ·
191 563 306 641 56ratos
322 575 471 632 memoriae
484 573 625 648 proditum
640 573 686 631 esi.
712 581 741 625 ⁹5
751 570 785 630 C.
799 571 868 630 vero
883 573 1032 635 Gracchus
1041 579 1110 637 mis·

232 649 266 708 tis
282 649 368 721 dixit,
390 650 560 724 inscriptum
577 649 650 725 apud
662 649 784 708 eundern
799 647 921 707 Coeliuni
938 650 996 720 est,
1019 651 1106 716 fibiii

138 771 145 782 .
230 724 335 787 somnis
348 727 512 806 quaesturam
529 730 633 802 petenti
652 726 700 786 Ti.
715 727 827 784 fratrem
848 725 936 785 visum
961 725 1020 786 effe
1035 731 1107 790 dice·

230 818 279 872 re,
299 804 386 884 quiin
401 805 485 864 veliet
499 805 694 874 condiretur,
720 816 815 862 tamen
836 802 939 862 eodem
955 803 1005 863 sibi
1026 805 1104 878 leto,

174 951 175 958 ἵ
231 897 291 958 quo
312 881 368 960 ipse
389 879 542 949 interisset,
563 879 616 940 effe
638 879 821 956 pereundum.
859 881 927 938 Hoc
951 883 1101 960 antequim

229 957 354 1017 tribunus
369 959 440 1033 plebi
461 959 495 1018 C.
514 961 655 1018 Gracchus
676 958 761 1017 fidius
783 953 874 1024 esset,
901 959 931 1015 dc
951 958 981 1016 se
1003 959 1101 1021 audine

227 1032 316 1094 scribit
334 1037 454 1103 Coelius,
475 1039 505 1094 ὅτ
519 1035 611 1094 diiiide
627 1034 729 1096 multis.
766 1051 825 1112 quo
845 1032 958 1094 somnio
981 1035 1049 1113 quid
1059 1038 1101 1098 in·

228 1113 317 1170 veniri
333 1113 420 1185 potest
435 1112 556 1172 certius?
1064 1147 1068 1155 ·

266 1187 388 1248 xxvii.
409 1192 515 1265 Quin
538 1189 581 1248 illa
604 1189 662 1249 duo
683 1185 815 1256 somnia,
842 1204 907 1264 quae
936 1189 1097 1250 creberrimi

227 1280 488 1326 commemorantur
503 1266 517 1325 i
535 1267 648 1333 Stoicis,
668 1267 728 1342 quis
738 1264 855 1324 tandem
870 1266 962 1340 potest
976 1281 1097 1326 contem·
1114 1295 1115 1338 3

226 1341 315 1401 nere?
336 1361 424 1402 unuin
440 1343 475 1402 de
491 1343 650 1402 Simonide:
672 1345 721 1420 qui
734 1341 797 1399 ciirn
814 1342 942 1416 ignotum
982 1344 1095 1404 ueodim

225 1419 382 1493 projedium
399 1433 540 1478 mortuum
558 1416 687 1488 vidiffei,
707 1435 830 1493 euinque
844 1361 1034 1491 hominidei,
1050 1423 1096 1480 ha·

226 1495 359 1574 bererque
372 1498 400 1556 in
422 1498 517 1556 animo
539 1513 642 1556 navem
664 1495 875 1565 conscendere,
895 1499 1008 1557 moneri
1030 1499 1093 1558 visui

229 1571 285 1642 esi,
305 1591 341 1632 ne
356 1572 384 1632 id
405 1574 508 1632 faceret
524 1614 532 1641 ‚
553 1573 655 1641 abeo,
693 1589 759 1630 uem
774 1571 909 1647 sepultura
924 1573 1093 1636 affeceritis

226 1648 390 1722 navigasset,
411 1667 476 1708 euni
492 1651 635 1725 naufragio
650 1591 878 1724 effleperiturum:
899 1652 995 1728 itaque
1011 1652 1094 1712 Simo·

226 1721 321 1784 uidem
338 1724 450 1785 rediise:
471 1724 567 1802 perisse
583 1739 708 1795 ceteros,
728 1726 776 1801 qui
790 1738 850 1784 tuni
865 1726 1045 1803 navigassent.

182 1816 216 1878 57
266 1801 393 1861 Alterum
415 1805 452 1864 ita
472 1803 627 1871 traditum,
646 1803 750 1861 clarum
774 1801 929 1862 admodum
948 1803 1090 1866 somnium.

105 1881 131 1928 P·
154 1880 180 1929 li·
227 1877 301 1938 Ciam
317 1880 374 1940 duo
390 1879 502 1956 quidam
520 1880 641 1958 Arcades
656 1879 801 1938 familiares
813 1881 865 1938 iter
877 1878 932 1938 uni
955 1882 1091 1951 facerent,

75 1975 92 2010 v
106 1975 177 2026 copo·
227 1956 257 2013 dc
271 1958 415 2028 Megaram
431 1953 582 2015 venissent.
602 1957 719 2015 alterum
735 1955 769 2013 ad
784 1967 964 2032 vcauponem
980 1960 1093 2020 xderer-

76 2039 134 2102 ²¹⁶⁰}
141 2029 192 2102 Mfi·
225 2029 302 2102 tisse;
323 2035 356 2093 ad
372 2033 526 2109 hospitem,
547 2031 670 2092 aiterum.
698 2033 747 2108 qui
762 2042 793 2090 ut
807 2035 895 2091 cenati
910 2034 1090 2110 quiescerent,

75 2090 103 2141 ὰ
114 2103 182 2186 Μ
228 2112 364 2170 concubia
378 2110 461 2170 nocie
477 2109 563 2167 visum
580 2105 634 2167 esse
649 2109 677 2167 in
692 2108 816 2166 isomnis
837 2110 887 2176 ei,
908 2112 957 2186 qui
985 2125 1041 2171 erat
1063 2114 1087 2170 in

70 2153 186 2269 {qgfm
227 2185 346 2262 hospitio
363 2229 372 2255 ,
392 2187 467 2244 iilum
484 2185 704 2254 alterum'orare,
724 2196 754 2243 ut
770 2184 942 2255 subveniret,
962 2188 1086 2263 quodibi

72 2277 181 2331 riticius.
227 2260 244 2320 ὲ
260 2281 387 2337 caupone
400 2265 523 2321 interitui
537 2276 695 2337 pararetur:
717 2279 783 2319 eum
806 2262 905 2338 primo,
920 2267 1084 2337 perieniruin

72 2353 91 2456 ἶ
105 2339 162 2416 ⁴11·st
225 2338 337 2397 somnio
349 2337 501 2397 surrexisse:
522 2339 585 2398 dein
601 2338 665 2397 ciim
681 2338 707 2396 se
721 2335 886 2413 collegissem
907 2340 993 2416 idque
1008 2343 1085 2401 visun
1109 2395 1111 2404 Α

84 2417 179 2458 mm·
222 2431 274 2491 pro
290 2415 375 2474 nihilo
391 2414 548 2473 habendum
565 2413 619 2474 effe
629 2412 745 2474 duxisset
763 2457 771 2481 ,
791 2415 941 2476 recubuisse
957 2439 964 2476 :
986 2432 1044 2479 tuni
1063 2419 1085 2478 ei
1109 2407 1111 2486 i

220 2480 371 2553 dormienti
387 2492 508 2555 eundern
523 2492 599 2552 illum
623 2491 710 2550 visum
731 2490 785 2555 esse
807 2510 929 2569 rogare,
948 2508 1006 2567 ut,
1023 2513 1085 2574 quo·
1108 2497 1111 2540 i

218 2571 296 2628 niani
312 2570 358 2630 sibi
374 2572 440 2628 vivo
455 2587 513 2628 non
529 2566 691 2630 subvenisset
708 2608 717 2638 ,
738 2582 859 2628 mortem
874 2570 950 2630 suain
972 2591 1008 2632 ne
1022 2573 1083 2632 inus·

217 2657 275 2704 tam
291 2645 345 2706 effe
356 2659 509 2722 pateretur:
529 2646 556 2706 se
577 2643 757 2707 intersectum
779 2647 809 2707 iu
829 2647 977 2723 plaustrum
999 2649 1084 2708 icau-

763 2743 768 2750 .
978 2771 981 2783 Ι
1018 2743 1083 2802 P0¹¹⁸

247 2937 284 2977 94.
302 2929 395 2984 <bamque
405 2925 493 2984 senatui
502 2925 611 2985 ,samniam
626 2925 786 2987 enarran'ffia]
816 2925 864 2974 iat.
877 2939 912 2990 pt.
924 2925 978 2976 heic
994 2937 1084 2975 mantnt
1106 2933 1108 2984 i

107 2991 115 3004 ⁸
214 2984 248 3034 esi
255 2984 286 3034 ob
296 2984 382 3033 solium
389 2985 498 3035 excisum.
516 2985 554 3036 sed
566 2984 608 3036 sec.
621 2989 725 3038 omnino
737 3003 787 3050 noir
800 2987 906 3052 agnoscit
915 2991 1015 3051 ei'imqiii.
1029 2987 1084 3036 unde

213 3046 314 3110 suspicor
324 3045 370 3097 etse
385 3048 399 3096 i
409 3047 557 3099 librariorum
569 3049 711 3102 iiberalitate
722 3086 730 3108 ,
746 3051 967 3117 &trahendamque
977 3074 979 3101 i
1059 3052 1074 3099 li

213 3125 288 3221 tegam
300 3112 443 3223 ρςίὶὲοφπη]
453 3114 481 3162 ab
495 3113 539 3188 illo
550 3115 697 3188 fimaviffir.
715 3119 815 3192 Gruter..
827 3115 954 3190 sedetiam
962 3131 1010 3192 non
1071 3180 1074 3188 .

209 3176 1014 3310 minianibttuineiitieiinii

216 3297 372 3358 editionibus,
389 3316 550 3364 quumtamen
560 3302 635 3352 exiiet
647 3308 778 3368 quoquein
792 3303 916 3358 vosfiano.
933 3311 977 3354 Gra
1082 3352 1085 3371 ,

248 3375 286 3412 ii.
304 3368 368 3423 cajus
382 3364 431 3413 veri
449 3370 557 3415 Gracchus
573 3368 630 3426 dn]
660 3369 761 3421 Auribut
776 3369 909 3424 admodum
931 3371 977 3422 μ’·
1082 3376 1084 3378 ’

221 3423 336 3484 uitiatis,
352 3429 457 3478 Gracchus
467 3429 518 3482 vird
529 3433 602 3493 cajus.
618 3433 711 3485 Gruter.
1082 3422 1086 3439 '

22 3584 90 3704 λ
