2234 3814
209 152 290 220 3202.
358 127 928 198 DuDrvrufrrrrout

210 243 303 311 eatis,
322 241 395 304 bene
417 243 581 316 promittant
602 235 753 298 secundis?
780 246 829 298 aut
847 249 926 298 tanta
951 238 1030 298 inter
1051 254 1093 298 eos

211 316 340 380 dillenfio
356 362 366 388 ‚
385 317 457 393 saepe
472 319 557 376 etiam
573 318 644 375 inter
656 315 819 390 proximos,
840 327 871 372 ut
886 316 1034 390 Apollinis
1041 329 1095 374 exta

211 397 286 456 bona
301 391 371 462 lint,
384 395 492 454 *Dianae
507 411 567 452 non
581 391 676 452 bona?
696 391 764 467 quid
779 390 817 448 est
831 403 891 452 tam
908 391 1094 467 perspicuum.

215 472 321 548 quim,
342 472 406 530 ciam
430 471 546 530 fortuito
567 469 664 527 hostiae
688 467 886 534 adducantur,
906 467 976 526 talia
1002 471 1094 544 cuique

218 560 280 606 exta
295 546 365 616 elle,
386 547 470 624 qualis
492 547 594 622 cuique
614 544 743 618 obtigerit
763 539 878 602 hostia?
906 544 948 602 At
975 547 1053 604 enim
1070 544 1094 603 id

106 629 131 675 l’·
151 624 177 670 Β·
217 623 306 700 ipsum
322 626 404 684 habet
418 623 520 696 aliquid
534 623 638 690 divini,
657 623 723 696 quai
736 621 838 694 cuique
860 619 952 680 hostia
974 621 1093 696 obtingat

68 724 94 758 m
110 703 210 754 fortibus
220 713 362 775 tamquam
384 701 413 759 in
428 698 599 766 ,promtum
624 714 689 772 quae
710 697 756 755 cui
776 695 925 755 “ducatum
966 697 1044 756 Mox
1064 699 1093 755 de

68 772 121 818 MS·
221 776 343 838 sortibus.
380 793 382 800 ·
401 791 551 851 uamquam
563 787 596 832 tu
608 772 722 849 quidem
745 791 805 832 non
828 771 985 836 hostiarum
1009 773 1092 832 calum

69 831 213 944 fflu‘fflm
221 854 368 913 confirmas
380 795 495 912 portium
510 850 702 920 similitudine,
721 847 768 910 sed
787 847 911 908 infirmas
932 850 1023 910 sortes
1044 849 1094 910 col·

116 931 123 946 '
221 929 326 990 latione
340 929 501 988 holliarum.

176 1033 212 1095 39
260 1009 325 1076 An,
345 1004 663 1082 cirminAEquimelium
673 1002 797 1064 mifimus
809 1003 859 1077 qui
872 1001 975 1062 afferat
986 1022 1094 1081 agnum,

221 1101 308 1161 quem
329 1083 533 1140 immolemus:
554 1083 576 1140 is
597 1081 666 1138 mihi
687 1097 772 1156 agnus
793 1079 926 1148 affertur,
947 1083 1000 1156 qui
1021 1083 1095 1140 habet

115 1171 121 1180 “
190 1229 191 1236 ¹
222 1174 285 1219 exta
303 1148 380 1218 rebus
395 1156 627 1226 accommodata,
648 1155 807 1215 &adeum
823 1173 929 1230 agnum
946 1173 1009 1216 non
1022 1158 1094 1226 calu,

223 1235 270 1294 sed
285 1235 356 1294 duce
372 1235 427 1297 deo
442 1233 532 1292 servus
547 1230 719 1292 deducitur?
746 1251 813 1292 nam
838 1231 896 1290 ³3ss
920 1233 998 1301 casus
1016 1235 1043 1292 iu
1061 1251 1094 1292 eo
1114 1251 1115 1254 ’

222 1329 337 1388 quoque
351 1311 420 1370 dicis
433 1307 505 1377 elle,
525 1309 599 1386 quasi
614 1309 716 1368 sortem
739 1308 880 1384 quandam
891 1325 968 1367 ¹cum
983 1311 1094 1370 deorum

223 1388 367 1446 voluntate
382 1387 578 1462 conjunctam
599 1387 683 1446 doleo
705 1398 810 1444 tantam
833 1385 988 1444 atsto'r'cos
1000 1385 1096 1445 uestros

222 1463 367 1538 Epicureis
399 1463 529 1522 irridendi
551 1463 590 1522 sui
608 1463 768 1522 facultatem
789 1459 903 1522 dediffe.
939 1481 1003 1522 non
1025 1463 1094 1522 etaim

226 1542 353 1616 ignoras,
392 1539 458 1598 u‘am
473 1540 521 1598 ista
535 1539 684 1598 derideant.

179 1633 218 1689 40
266 1617 302 1676 Et
325 1559 438 1693 quidem
462 1617 499 1674 illi
520 1615 622 1674 facilius
649 1617 740 1674 facere
767 1613 887 1691 poliunt.
928 1615 1000 1677 deos
1027 1617 1096 1676 enim

69 1696 75 1708 “
176 1695 190 1756 s
228 1693 426 1768 ipsos'jocandi
441 1689 519 1751 causi
534 1692 641 1750 induxit
655 1692 790 1766 Epicurus
804 1691 962 1768 perlucidos
989 1694 1021 1752 dc
1044 1709 1098 1769 per·

124 1803 127 1810 ·
161 1773 167 1783 '
229 1769 345 1839 flabiles,
367 1772 395 1828 &
411 1770 578 1835 habitantes,
597 1781 741 1844 tamquam
756 1771 828 1828 inter
849 1770 919 1830 duos
939 1770 1021 1830 lucos
1039 1812 1048 1839 ,
1066 1767 1096 1827 fit

229 1848 301 1908 inter
315 1846 385 1904 duos
402 1845 538 1912 mundos,
560 1858 671 1920 propter
684 1859 794 1904 metum
811 1847 975 1906 ruinarum:
998 1861 1097 1922 eosque

227 1924 329 1984 habere
343 1936 420 1998 putat
434 1922 533 1982 eadem
547 1921 691 1989 membra,
711 1940 776 1997 quae
795 1940 871 1992 nos,
896 1941 952 1982 nec
968 1925 1046 1983 usum
1062 1922 1098 1980 ul·

142 2038 144 2044 ι
193 2070 199 2077 ,
230 2003 289 2060 lum
303 2001 401 2058 habere
417 1999 617 2058 membrorum.
645 1997 732 2072 rErgo
751 2001 773 2057 is
794 2000 960 2060 circuitione
982 2000 1096 2078 quadam

229 2077 297 2138 deos
310 2076 426 2147 tollens,
447 2073 556 2134 arrecto
571 2093 630 2134 non
640 2074 750 2134 dubitat
771 2075 977 2137 divinationem
997 2077 1098 2212 relig&

225 2283 230 2290 “
261 2289 298 2329 ³3·
316 2275 344 2321 Si
353 2273 411 2334 casus
422 2274 477 2322 tae·
487 2273 545 2330 da]
570 2272 666 2337 vulgati
676 2277 760 2335 cufim,
777 2273 815 2324 sed
830 2275 932 2326 alterum
941 2288 995 2327 etat
1005 2277 1033 2328 in
1044 2275 1096 2328 tall.

228 2336 354 2392 omnibus,
370 2349 563 2400 agnoverantque
573 2338 631 2386 item
649 2336 726 2402 scripti
736 2339 875 2389 Viilotiaui.
893 2345 984 2388 Gruter.
1019 2337 1097 2398 Nampi

230 2398 322 2460 casum]
336 2400 422 2511 vulglg.
439 2401 512 2459 casum
529 2399 566 2448 led
579 2401 627 2448 hoc
641 2401 703 2452 reite
716 2401 740 2450 se
749 2417 800 2450 nou
811 2403 900 2458 habet,
914 2419 970 2453 cum
982 2401 1098 2468 superiori·

228 2461 272 2512 bus
288 2461 350 2514 haud
366 2462 511 2526 repondeat.
545 2467 599 2512 Nos
615 2464 685 2526 igitur
700 2464 834 2516 editionum
854 2465 1014 2516 vetustiorum
1031 2466 1095 2518 fidem

228 2525 309 2640 geratis
321 2526 399 2576 sumus
410 2542 419 2584 3
440 2523 570 2591 faventque
585 2531 645 2590 Reg.
668 2529 695 2578 δι
711 2529 813 2580 cantab.
836 2529 862 2578 in
883 2527 970 2592 quibus
991 2529 1028 2580 est
1047 2529 1094 2592 usu,

255 2603 346 2640 avarus.

230 2649 1096 2784 transmisistillltt·;⁹ltttlll?talll‘ltatffiil

229 2791 310 2840 partes
321 2781 453 2828 Stoicorum
462 2777 609 2829 defenderat.
641 2781 706 2839 Quin
717 2783 742 2828 δι
754 2779 833 2830 noller
849 2783 932 2844 paullo
949 2785 1002 2846 poli
1015 2781 1096 2831 licuit:

230 2843 275 2888 Sed
287 2861 346 2897 non,
364 2846 438 2888 isthic
455 2841 600 2904 (Epicurus)
616 2843 653 2898 fiii
672 2844 769 2902 conflat,
786 2848 837 2890 item
853 2848 945 2901 Storna
967 2851 1031 2893 iltius
1049 2845 1097 2890 eain
1115 2897 1116 2900 Ἴ

232 2909 294 2951 Deus
317 2927 429 2946 ---
445 2921 485 2950 non
500 2905 563 2967 potest
576 2907 694 2952 hominibus
714 2909 870 2954 divinationem
891 2905 1099 2969 impertir1'5vtlitt

236 2981 306 3014 autem
318 2974 377 3015 Dm
388 2965 451 3028 potest
461 2985 501 3014 nan
517 2962 630 3030 impertiri.
662 2971 726 3021 Qum
741 2984 777 3016 res
793 2971 870 3031 igitur
880 2967 937 3020 elset
953 2969 1099 3022 ‘manifestat

234 3031 397 3091 coujelturam
407 3043 499 3085 meam,
516 3029 571 3078 licet
586 3029 704 3080 Codicum
720 3032 860 3092 auetoritate
876 3035 1014 3085 destite-m
1051 3031 1101 3078 ‘tci-

229 3108 289 3159 pere
300 3109 351 3143 noo
363 3094 518 3146 ramnericus.
550 3097 617 3142 Idem.

267 3174 303 3216 ³5·
320 3159 383 3224 Retio
393 3175 433 3202 noa
443 3153 546 3215 datiam]
561 3160 625 3216 Cum
634 3153 772 3204 dodillimo
781 3159 879 3210 elerico
893 3161 952 3224 leger
1064 3157 1103 3208 8⁴3

238 3220 282 3269 nisr
293 3222 373 3272 forlan
384 3233 482 3284 utraque
492 3234 540 3266 vox
555 3220 656 3268 eandem
670 3215 871 3280 fignificationem
886 3225 932 3275 reci
951 3225 991 3280 ir,
1064 3219 1103 3283 pti·

239 3283 295 3331 dem
305 3281 382 3333 censet
394 3289 468 3333 ilem·
479 3279 583 3332 Valefius
594 3284 624 3332 ad
635 3283 757 3331 Ammiani
770 3287 904 3336 Marcellini
916 3240 996 3336 ligat
1064 3295 1103 3338 tia

237 3349 364 3410 Utcunque
374 3343 402 3394 fit
415 3379 423 3402 ,
437 3346 547 3410 Epicurus
560 3346 619 3402 ille,
636 3346 759 3408 quiveritis
774 3352 865 3412 reliquit
875 3356 954 3408 Dans,
971 3368 995 3398 re
1005 3365 1017 3410 1
1064 3347 1104 3396 dit.

239 3415 350 3467 μαντικὴν
365 3406 461 3456 ἅπασαν
476 3408 553 3458 verbis
571 3407 661 3459 disertis
679 3409 756 3474 tilpini.
789 3416 855 3465 luter
871 3414 933 3467 2110}
966 3413 1003 3430 ”’“
1064 3419 1103 3472 agl·

240 3483 297 3522 nem
308 3471 430 3522 Latrtium
440 3469 480 3521 lib.
489 3483 512 3523 rr.
529 3478 552 3532 ς.
562 3487 616 3532 aas.
625 3474 701 3530 'tatem

1070 3537 1104 3581 (tu
