2234 3814
247 69 328 164 3²²3
411 79 485 144 De
526 68 959 144 D'r‘urrttldlou‘it

244 197 303 265 'que
316 186 401 248 'tantae
416 187 482 248 liant
496 185 602 248 accello
616 187 751 250 stellarum
766 229 775 258 ‚
795 188 826 246 &
847 187 962 255 receffu;
983 183 1089 262 cquui

244 282 280 324 ea
293 265 321 322 vi
335 265 395 324 solis
409 265 576 334 efficiantur,
596 283 660 342 quae
675 265 820 324 uidemus:
840 278 897 324 non
909 261 1045 324 uerifimile
1056 261 1088 323 lo·

244 339 324 410 lim,
343 341 390 427 &d
404 343 487 400 etiam
502 359 599 400 verum
616 340 669 400 elle
690 341 803 400 censent
816 345 830 410 ,'
844 339 948 416 perinde
964 383 978 411 ρ
994 353 1089 400 utcun-

247 435 305 494 que
326 431 493 494 temperatus
515 419 548 478 stt
577 425 647 487 a'e‘r,
680 418 717 476 ita
738 427 839 492 pueros
860 418 970 478 orientes
999 416 1092 478 ammiti

245 495 330 572 'atque
344 497 482 574 formari,
509 513 544 554 ex
566 511 657 572 eoque
678 495 788 568 ingenia
804 536 813 563 ‚
834 510 945 564 mores.
961 496 1090 562 animun,

242 589 344 707 {ulmus
360 614 369 642 ,
387 571 529 632 actionem
548 572 614 631 vitae
630 614 640 642 ,
659 571 734 630 ealus
753 570 910 648 cujusque,
940 582 1091 647 eventusque

285 665 322 723 gr.

284 721 393 798 XLIII.
419 727 448 783 Ο
478 733 794 785 »unumunurn
820 723 1004 784 incredibilem
1023 727 1031 781 !
1048 741 1092 783 nou

191 803 232 876 '90
246 802 323 875 enim
339 803 431 861 omnis
453 818 528 860 error
553 801 662 860 stultitia
682 801 719 858 est
740 801 867 860 dicenda.
905 801 1009 878 Quibus
1025 801 1092 858 etiam

216 943 221 954 ¹
243 880 387 954 Diogenes
402 878 508 936 Stoicus
526 876 673 949 concedit,
688 875 790 952 aliquid
804 891 835 936 ut
846 877 991 952 praedicere
997 875 1092 953 pollini,

102 941 376 1016 ‘fumes-duntaxat
390 953 480 1030 squali
500 955 615 1030 quisque
641 959 761 1022 natura,
780 953 818 1012 ,δι
839 953 874 1014 ad
895 972 977 1030 quam
998 955 1094 1030 quisque

98 1006 142 1070 ’ω
151 1004 370 1092 quali³‘manime
384 1047 443 1088 tem
457 1043 534 1106 aptus
549 1031 654 1088 futurus
668 1027 708 1088 fit.
748 1029 868 1097 Cetera,
887 1047 948 1108 quae
962 1029 1093 1106 profitean-

123 1113 127 1120 “
165 1157 168 1165 .
244 1115 313 1177 tut,
332 1118 415 1182 negat
429 1107 485 1167 ullo
508 1105 597 1168 modo
617 1099 694 1180 {tolle
714 1104 795 1164 seiri:
816 1107 921 1165 etenim
933 1109 1092 1182 geminorum

244 1187 349 1246 formas
363 1179 416 1242 elle
431 1181 552 1249 ssmiles,
573 1182 659 1241 vitam
682 1185 766 1256 atque
787 1181 927 1242 fortunam
948 1183 1094 1258 plerumque

148 1269 150 1273 “
245 1261 390 1336 disparem.
426 1261 454 1312 ⁹⁷
465 1257 573 1316 Procles
601 1259 630 1316 ὅτ
650 1257 860 1334 Eurysthenes,
879 1259 1094 1330 Lacedaemona,

98 1395 104 1408 ,
247 1335 310 1397 rum
324 1353 418 1412 reges,
437 1333 543 1410 gemini
555 1335 649 1394 fratres
663 1335 784 1394 fuerunt.

141 1471 144 1476 .
199 1417 236 1488 '91
284 1413 325 1471 At
338 1413 367 1471 hi
381 1427 433 1470 nec
446 1411 566 1470 totidem
581 1427 668 1468 annos
682 1411 825 1471 vixerunt:
845 1416 920 1486 anno
934 1413 1011 1474 enim
1024 1409 1093 1474 Preti

247 1491 305 1548 vita
319 1489 428 1547 brevior
444 1489 518 1557 fuit,
544 1486 721 1566 multumque
741 1488 764 1547 is
782 1489 857 1548 fratri
873 1489 1093 1568 rerumgestarum

266 1565 334 1624 tout
349 1564 478 1642 praestitit.
517 1565 557 1622 At
570 1581 623 1639 ego
637 1563 666 1622 id
687 1563 800 1638 ipsum,
825 1565 904 1642 quod
933 1567 977 1625 uir
999 1567 1096 1654 optimu

280 1643 393 1718 logenes
414 1641 574 1707 Chaldaeis,
613 1639 688 1715 quali
722 1639 841 1718 quadam
873 1643 1095 1718 praevaricamur.

233 1718 396 1790 eomedit,
416 1735 489 1794 nego
511 1715 586 1792 polle
606 1715 730 1792 intelligi.
768 1716 880 1777 Etenim
903 1717 997 1790 edm,
1022 1732 1050 1780 ut
1063 1715 1095 1794 ipd

248 1793 363 1872 dicunt,
383 1804 458 1866 ortus
468 1793 640 1869 nascentium
654 1793 719 1854 luna
733 1793 912 1861 moderetur,
928 1813 1020 1874 eaque
1032 1797 1097 1856 animi

113 1889 118 1898 ’
216 1914 219 1922 .
251 1869 396 1931 advertant
412 1873 442 1930 δι
461 1878 562 1932 notent
574 1867 661 1931 sidera
673 1870 798 1930 natalicia
813 1869 956 1945 Chaldaei,
977 1885 1097 1952 quaecuut·¹

1059 1962 1097 2026 que

252 2107 1099 2242 tutet;.tltl.l⁰.t.sl¹ttl¹ltirept⁸.²tttflt‘tzltsslltlll

253 2240 304 2292 hoc
313 2240 390 2291 modo
401 2241 473 2304 plana
483 2238 511 2292 fit
525 2242 550 2288 δι
561 2249 650 2304 aperta.
679 2239 761 2300 Divis.

283 2319 322 2362 97.
339 2307 426 2352 troctas
435 2305 461 2355 ό*
473 2302 628 2362 Eurystheum]
660 2301 725 2349 Uim
740 2298 770 2349 ab
778 2300 904 2351 Herodoto
915 2301 954 2352 bic
966 2303 1036 2356 idem
1044 2298 1098 2368 uomlj

251 2379 323 2418 netur
334 2366 433 2426 Προκλῆο
443 2399 451 2422 ,
463 2366 478 2415 i
488 2364 602 2415 strabone
612 2377 691 2412 autem
703 2367 849 2424 Πατροκλῆος
862 2365 983 2426 adducor,
1002 2366 1064 2418 ursui
1070 2367 1075 2380 '

251 2427 317 2493 apud
328 2425 604 2488 Herodotumomillam
618 2426 686 2476 fuille
700 2426 789 2484 lineam
803 2426 818 2476 d
832 2427 960 2488 Librati),
993 2371 1099 2494 quem

253 2492 391 2552 Πκκροκλῆρ
405 2491 495 2541 nomed
506 2488 645 2540 obducenda
659 2489 723 2547 fuit,
737 2492 763 2539 δι
778 2497 809 2538 ex
819 2491 913 2550 πρῆκλῆς
928 2491 1024 2545 fectum
1039 2491 1096 2544 allen

251 2553 387 2606 leriberetur
398 2555 503 2612 Προκλῆς.
516 2555 590 2612 vrfin.
622 2554 708 2600 Procius
719 2553 745 2604 (π
756 2557 822 2611 Eun]
836 2553 1047 2607 Terminationern
1055 2555 1097 2606 istud

254 2618 359 2668 attribuo
369 2619 532 2669 terminationi
540 2617 604 2666 casus
614 2616 711 2672 incerti,
726 2617 768 2678 qui
778 2613 892 2680 sequitur,
907 2620 999 2676 Procli,
1016 2615 1098 2670 lireTul

254 2681 301 2732 lius
311 2681 366 2732 eum
376 2681 515 2738 secundum,
530 2679 578 2730 srve
586 2679 684 2728 tertium
695 2677 816 2734 habuerit,
832 2677 896 2728 unde
904 2679 996 2732 librarii
1007 2676 1098 2752 hunum

221 2789 223 2794 .
254 2756 324 2792 mum
337 2742 414 2792 casum
428 2745 553 2794 finxerunt.
587 2755 628 2792 eos
638 2742 704 2791 enim
714 2741 752 2790 hic
761 2737 873 2792 halitalie
883 2757 983 2806 apparet
989 2744 1098 2795 nutatura

250 2817 286 2860 ex
297 2809 349 2856 MS.
356 2805 475 2861 ‚Volliano
485 2841 493 2863 ,
505 2806 547 2856 ,ubl
555 2819 631 2869 quum
646 2803 675 2853 ab
689 2803 826 2854 turrestrice
838 2819 912 2853 manu
926 2804 987 2858 effer
1003 2816 1098 2858 uanum

154 2875 159 2890 ⁸
254 2869 356 2925 Protin,
376 2867 445 2918 sextae
456 2871 528 2918 literae
542 2866 717 2932 superscriptum
728 2883 751 2917 u.
767 2867 829 2915 Hinc
839 2867 914 2916 uerius
924 2869 1000 2934 elegi.
1031 2875 1098 2920 Grouu

254 2931 340 2978 Procles
350 2933 376 2984 (λ’
389 2932 545 2996 Eurystheum]
560 2936 621 2980 Cum
634 2931 722 2994 primus
730 2930 836 2986 horum,
851 2928 961 2984 Straboni
978 2934 1028 2994 (eui
1038 2934 1100 2982 Plutar-

255 2991 313 3044 chus
328 2994 353 3043 in
369 2998 477 3058 Lycurgo
491 3009 545 3059 pag.
560 3012 598 3053 40.
621 2991 676 3042 addi
692 2991 785 3056 potest)
802 2996 936 3058 Πατροκλῆς
958 2995 1100 3062 nunurpuut

257 3057 356 3117 conjicit
366 3057 462 3106 Urlinus
472 3065 486 3114 ,·.
501 3073 531 3108 ex
547 3055 722 3120 compendiaria
737 3054 850 3112 scribendi
870 3057 966 3110 natione
982 3050 1100 3110 natumelt

256 3121 375 3172 Proclem.
409 3123 452 3170 Sed
462 3122 538 3171 inanis
548 3121 581 3172 est
592 3135 620 3168 ea
629 3117 726 3182 suspicio
738 3137 746 3176 ρ
762 3117 824 3166 hunc
842 3117 908 3166 enim
925 3123 1034 3172 Proclem
1045 3117 1100 3186 appel·

257 3179 311 3232 laur
321 3199 372 3233 uon
383 3183 459 3234 modo
469 3183 547 3232 noller
558 3185 584 3234 δι
599 3182 754 3240 Herodorus,
771 3181 809 3230 sed
821 3179 944 3232 Pausanias
957 3186 1029 3208 *²*
1046 3185 1101 3234 ’niu

258 3257 314 3295 con.
331 3261 382 3312 cap.
392 3264 411 3297 ι.
429 3245 658 3310 ApollodotnsBibl.
669 3245 710 3295 lib.
722 3259 755 3295 ιι.
773 3253 795 3304 §.
807 3245 863 3304 asa.
880 3249 938 3310 Porp
1054 3236 1102 3296 eli·

258 3303 313 3355 ssln.
324 3308 365 3358 lib.
373 3325 392 3360 1.
410 3317 433 3369 5.
445 3326 483 3367 25.
499 3310 605 3368 aliiquet
622 3320 646 3356 ut
657 3323 687 3356 ex
699 3308 727 3356 tis
741 3305 906 3358 enrendaudos
922 3325 971 3359 e...
985 3351 1021 3360 ...
1054 3317 1100 3359 nutu

255 3367 283 3416 dt
296 3370 444 3422 Plutarchum
454 3367 736 3424 multolitverlfimilius.
767 3373 1022 3438 Del’tocleffliutyfl
1054 3366 1102 3422 neti·

255 3427 462 3514 teuliwluu
475 3433 968 3511 uotiuullttuhuuerutuet.
1001 3443 1022 3492 Β
1056 3435 1099 3556 il&
