2248 3836
11 135 18 208 s
183 87 703 191 Lrn'trtTnnrrut.
810 113 885 183 3071

11 211 13 282 Γ
109 205 353 281 collimitantem,
374 229 448 290 quam
467 210 594 270 invocant
611 228 697 267 omncs
715 207 827 280 Joutm.

11 299 15 364 3
38 295 113 357 quare
123 285 194 360 igitur
207 287 292 364 plures
307 287 480 364 adjungimus
494 286 562 346 deos
578 285 590 344 i
609 295 713 364 quanta
732 296 824 344 autem
841 283 879 345 est

11 365 17 436 3
37 373 122 417 eorum
137 363 306 424 multitudo?
333 365 402 422 mihi
421 363 537 441 quidem
558 359 620 422 sano
641 360 721 419 multi
741 361 906 440 videntur.q
921 374 1000 429 hanl-

11 439 17 506 ζ
36 430 135 508 singular
146 438 219 499 enim
232 439 313 500 stellas
327 457 455 500 numeras
476 440 544 498 deos
560 479 569 508 ‚
602 453 705 514 eosque
719 449 766 497 aut
779 437 879 498 bellua-
889 449 982 515 mnarum

11 527 19 580 3
34 523 89 566 rum
104 517 215 576 nomine
227 515 338 592 appellas
353 559 363 588 ,
390 513 458 575 ³⁸ut
473 515 618 600 Capram,
637 525 668 600 ut
688 513 822 590 Lupatn,
849 526 880 574 ut
890 505 1027 581 ΜΨ·

11 623 13 656 J
35 581 166 659 Taurum,
184 603 214 651 ut
228 592 373 652 Leonem:
393 604 441 650 aut
461 607 552 650 rerum
572 601 828 661 truanrmatarum,
847 568 982 680 utf‘jff'flo

11 679 12 736 ff
36 661 156 738 ‘Argum
173 679 203 725 ut
215 667 317 739 Aram,
334 681 368 727 ut
382 669 536 728 Coronam.
887 643 964 742 mnf

11 745 14 818 ξ
40 756 42 768 ⁴
64 738 117 798 Sed
128 753 158 798 ut
177 743 232 802 baec
250 745 461 814 concedantur,
481 744 584 820 reliqua
605 740 655 825 qul
676 740 790 800 tandem
817 762 877 804 non
889 772 923 828 41

11 819 13 826 '
33 812 116 873 modi)
130 820 250 892 concedi,
269 821 316 880 sed
330 822 449 880 omnino
462 821 575 894 intelligi
590 815 699 894 poliunt
714 817 727 876 i
747 817 811 878 clun
820 822 879 879 fru-

11 923 13 938 ι
32 903 91 962 ges,
108 891 242 965 Cererem,
262 899 378 967 vinum,
399 896 531 956 Liberum
546 897 688 963 dicimus,
709 911 810 970 genere
825 913 877 954 nos

11 939 19 1032 l,
32 964 133 1039 quidem
143 971 269 1032 sermonis
289 975 393 1033 utimur
413 971 533 1032 usitato:
565 971 612 1030 sed
632 986 751 1046 ecquem
770 982 827 1030 tam
849 988 879 1030 a·

33 1053 142 1103 mentem
155 1045 205 1106 elle
217 1049 313 1124 putas,
333 1051 381 1127 qui
393 1048 476 1118 illud,
495 1067 552 1124 quo
567 1046 706 1115 vescatur,
727 1046 810 1106 deum
818 1064 878 1106 cre·

11 1185 12 1194 .
33 1115 71 1174 dat
83 1117 149 1179 else?
166 1125 239 1183 Nam
254 1143 324 1203 quos
347 1125 381 1184 ab
402 1125 559 1184 hominibus
581 1119 731 1200 pervenisse
752 1123 818 1184 dicis
839 1123 873 1184 ad

11 1197 15 1266 3
32 1189 92 1264 deos,
100 1237 109 1266 ,
126 1210 153 1257 ru
166 1201 279 1261 ‘reddes
292 1203 448 1270 rationem,
468 1200 708 1278 quemadmodum
724 1198 799 1258 idem
814 1199 872 1260 fieri
885 1224 897 1260 r
910 1209 1011 1264 rudeis

30 1274 212 1342 poneretur
225 1295 274 1336 cur
288 1277 348 1336 fieti
362 1276 485 1346 desierit,
505 1279 603 1351 &ego
626 1275 728 1352 discam
749 1277 872 1337 libenter.
883 1277 1010 1337 rentum.

29 1349 157 1418 quomodo
170 1371 246 1412 nunc
260 1353 373 1433 quidem
388 1353 442 1421 est,
461 1371 520 1412 non
535 1353 619 1411 rideo
635 1395 644 1422 ,
663 1371 721 1429 quo
744 1353 825 1430 pacto
840 1354 874 1413 il-

30 1417 69 1490 Ῑθ,
85 1427 124 1484 cui
139 1427 281 1488 intonante
303 1439 381 1488 Oetao
402 1429 479 1486 illata
500 1429 630 1506 lampades
642 1431 768 1500 fuerint,
787 1443 818 1489 ut
835 1433 892 1490 titt
907 1444 982 1480 nroatt.
1044 1460 1050 1473 a

32 1498 167 1575 uncum,
185 1507 215 1566 ita
230 1507 338 1576 donam
352 1519 472 1565 aternam
484 1509 569 1582 patris
583 1505 677 1564 exilio
700 1506 796 1568 ardore
811 1525 872 1583 per·
882 1493 945 1549 ‘¹⁰¹⁶‘
955 1499 1023 1551 ⁶¹⁰¹·

827 1603 876 1644 ve·

14 1747 16 1755 ’
54 1735 86 1788 38.
100 1739 242 1802 vorapium,
258 1753 283 1788 ut
293 1739 386 1804 iopam]
398 1731 485 1802 *trapam
497 1749 539 1803 pro
550 1736 622 1803 lupam
634 1734 703 1788 habet
720 1737 829 1804 antiquus
845 1740 875 1790 li-

16 1783 193 1850 'itr.&1ene:
208 1816 255 1851 nec
274 1803 339 1852 enim
353 1805 413 1914 luga
429 1803 578 1851 simulacrum
597 1805 658 1850 inter
677 1799 751 1850 fidere
772 1803 874 1852 relatum
931 1859 933 1862 ¹

27 1849 83 1906 fuisse
92 1861 147 1925 apud
157 1863 280 1924 scriptores
291 1866 374 1930 repetit
392 1883 409 1914 r.
425 1867 498 1926 vrfin.
519 1871 552 1912 vr
564 1869 635 1925 lupam
645 1865 701 1922 ion]
716 1864 875 1915 consulantur

17 1917 46 1966 J,
56 1923 142 1974 vinum
151 1929 227 1977 Varia
237 1928 363 1978 Lei’tiones
374 1929 446 1978 Libro
457 1942 539 1978 xrnrt.
561 1941 610 1990 cap.
626 1943 645 1982 3.
668 1925 785 1974 Roberrus
797 1929 875 1977 Titius

25 1983 147 2053 mercatae
162 2003 188 2039 tn
204 1998 287 2056 Nepam
301 1990 341 2040 lib.
355 2005 391 2043 rx.
408 1988 620 2040 Controversorum
635 2001 685 2050 cap.
697 2007 720 2049 4.
741 1986 780 2037 sed
790 1991 811 2038 ei
823 1991 876 2040 Vil-

11 2040 121 2152 rgl’matua
131 2053 233 2105 minime
244 2051 368 2119 acquiescit
379 2089 386 2113 ,
402 2053 445 2104 uisi
460 2051 618 2103 concedamus
629 2051 732 2114 intelligi
742 2053 872 2116 Scorpium.

11 2119 14 2148 ²
43 2123 99 2162 ruer.

11 2149 13 2240 ἶ
49 2189 80 2230 aa.
96 2179 197 2238 atrae]
218 2181 246 2227 ιιι
259 2177 390 2229 ultronee
404 2176 467 2228 fone
480 2211 488 2234 ,
503 2177 546 2227 nn
558 2177 588 2228 te
607 2177 657 2241 ipro
675 2177 787 2236 uerene,
803 2177 873 2242 tptus

11 2239 110 2290 enitent
121 2240 213 2292 sabula.
243 2245 386 2304 Quanquam
398 2240 459 2304 apud
469 2241 611 2306 sophoclem
623 2243 648 2288 in
664 2237 872 2303 Philoiiete'oioa·

11 2279 61 2350 liter
74 2301 129 2362 litte
152 2305 225 2354 asnar
242 2307 367 2354 Philocrati
382 2318 498 2368 appareat.
530 2305 626 2368 Legitur
646 2301 708 2352 certe
727 2305 751 2352 in
766 2305 870 2365 sabulis,

23 2372 69 2410 um
82 2365 102 2413 ln
115 2371 176 2416 oeta
187 2381 274 2417 monte
293 2369 417 2418 hominem
432 2367 543 2416 incendio
554 2363 647 2416 exuitie.
680 2367 798 2434 arnobius
812 2372 871 2420 item

22 2421 94 2476 liure.
108 2445 148 2492 pro
158 2429 300 2480 Christianis
311 2430 416 2479 adversus
429 2443 529 2494 gentes,
550 2429 664 2478 Plutarchi
675 2429 811 2480 testimonio
825 2432 872 2482 uti·

23 2497 61 2534 lut.
75 2489 226 2548 cheroneus,
240 2495 331 2556 inquit,
348 2493 480 2604 oraturque
492 2493 621 2542 nostrarum
632 2489 678 2539 esse
689 2495 788 2548 partium
802 2509 869 2542 eom·

21 2548 133 2612 Probatur,
154 2554 239 2620 quiin
257 2559 344 2605 oeteis
360 2556 440 2606 terrici
457 2572 499 2610 us,
520 2557 645 2604 Herculem
661 2553 713 2628 post
732 2554 871 2608 morborum

21 2616 161 2667 comitialium
173 2619 254 2668 minas
265 2615 403 2680 dissolutum
418 2619 443 2666 in
459 2623 561 2666 errrorem
577 2615 688 2682 prodidit.
721 2624 751 2667 Et
767 2619 800 2666 ita
816 2617 872 2670 sane

21 2669 113 2740 suipsius
122 2683 146 2730 io
162 2687 227 2729 Oeta
239 2682 334 2730 interitu
345 2681 435 2729 consiat
453 2681 525 2729 etlam
540 2695 570 2728 er
582 2679 710 2735 Diodoro,
728 2683 752 2728 δι
768 2680 869 2733 Fabulis.

22 2737 57 2786 iod
65 2755 115 2790 cunt
127 2745 209 2792 solans
220 2741 271 2792 osl'a
281 2745 393 2808 colligere
405 2744 491 2798 vellet,
509 2743 620 2806 nullaque
630 2743 802 2799 invenirentur,
819 2760 870 2794 cre-

11 2798 145 2868 diecentum
156 2805 190 2854 eii
201 2839 209 2861 ,
222 2818 277 2856 eunt
294 2805 418 2856 secundum
433 2806 556 2854 oraculum
577 2803 607 2853 ad
622 2803 679 2852 deos
695 2806 869 2870 commigrasse.

11 2863 90 2928 traque
99 2868 201 2918 obtinuit
213 2869 327 2931 persuasio
337 2871 391 2925 illa,
406 2884 431 2918 ut
444 2883 474 2917 ue
489 2867 602 2918 historicae
614 2865 711 2930 quidem
727 2871 819 2919 veritati
832 2883 871 2919 ce-

11 2909 69 2992 ld³t‚
88 2945 129 2978 nec
146 2931 259 2993 sepulchri
271 2935 440 2982 monumentis.
474 2931 562 2987 Adeo,
577 2933 691 2996 inquam,
707 2934 805 2982 invaluit
828 2934 872 2982 illa
1007 2995 1009 2998 Ι

11 2988 136 3049 tersorio.
150 3007 179 3041 ut
190 2996 278 3052 pillum
290 2995 352 3044 illins
363 2993 527 3048 datitiornei
540 2995 616 3043 Plinio
627 2993 762 3044 celebretur.
795 2996 872 3044 Athe·
968 3015 971 3021 ¹

12 3052 49 3101 uit
61 3077 63 3099 ι
139 3057 172 3120 tgi
184 3056 290 3106 seueritas
301 3056 471 3111 contradicenti
487 3070 536 3105 etat
548 3056 739 3120 expavescenda:
756 3055 794 3106 sed
810 3062 873 3106 Pon·

11 3112 63 3162 ¹riser
142 3133 200 3167 anos
212 3119 281 3170 audet
291 3122 387 3184 publice
398 3121 506 3184 religioni
517 3121 692 3178 contradicere,
709 3133 809 3183 eamque
820 3119 874 3181 (al-

11 3185 58 3232 {tum
135 3182 229 3244 pulchro
239 3181 370 3244 silentium)
388 3183 449 3231 unii
460 3185 537 3248 po'e'tae
548 3184 687 3233 auiloritate
704 3195 817 3247 rumpere.
837 3188 873 3230 lta

11 3235 63 3302 'lust
115 3259 138 3292 m
152 3244 175 3292 se
188 3261 223 3293 res
233 3244 312 3296 habet.
344 3244 416 3295 seori
433 3261 483 3295 rem
498 3247 573 3294 verius
589 3242 771 3300 allimabimut‚
787 3245 882 3292 Cicero

11 3311 63 3368 lpoot
143 3304 180 3354 snb
210 3305 293 3357 ersona
309 3309 333 3359 id
349 3311 480 3374 exprimit,
500 3308 565 3370 quod
581 3307 620 3358 sub
638 3307 676 3356 sua
687 3305 791 3370 proferre
808 3309 874 3355 ausus

11 3375 63 3424 ,stau
143 3369 171 3417 su·
192 3385 223 3421 et.
251 3375 310 3420 Non
323 3385 390 3421 tacut
400 3371 440 3420 hic
451 3385 641 3422 commemorare
668 3371 704 3418 uic
724 3383 777 3418 uam
791 3369 820 3418 de
831 3369 875 3434 Ju-

11 3427 61 3476 {non
194 3434 245 3492 Tra,
261 3433 339 3499 deque
352 3434 592 3546 ιιιοηὶἰέἱιηιιῑῗιηῖῃδι
605 3445 661 3499 apot
679 3383 734 3484 eost.
752 3432 879 3540 ἀιςυὶιὲιᾶ
