2234 3814
114 170 121 178 ἱ
201 98 283 184 3196
348 36 943 180 DnDrvrnnnronrt'*

276 201 357 276 Quod
370 202 429 272 fore
442 212 571 278 matum
588 195 645 270 est,
664 194 694 253 id
705 194 844 272 smmum
862 196 1031 273 exsuperat
1052 193 1109 270 90·

356 297 426 336 vem.
465 302 468 308 ’

200 387 314 450 Totum
329 367 448 446 omnino
463 385 551 444 saturn
566 383 651 442 etiarn
664 379 805 440 Atellanio
820 377 901 440 versu
921 380 1003 457 jure
1029 379 1105 440 mihi

201 462 256 526 effe
270 463 375 524 irrisum
389 463 504 522 videtur.
523 459 612 520 sedin
626 459 704 518 rebus
717 470 776 518 tarn
790 455 890 517 severis
904 475 979 518 non
998 457 1047 518 est
1063 459 1106 536 jor

200 542 281 600 candi
296 543 381 600 locus.
422 537 611 598 Concludatur
624 537 707 610 igitur
720 536 800 594 ratio.
836 533 972 594 sienim
1001 534 1106 611 provi-

202 617 260 678 deri
274 617 341 676 nihil
355 615 443 694 potest
457 616 582 674 futurum
597 609 654 683 effe,
666 628 764 672 eorum
782 653 791 679 ,
810 627 877 688 quae
898 612 976 670 casu
1004 609 1108 682 fiunt,

97 723 99 732 ·
203 696 267 774 quia
283 691 336 754 effe
352 707 425 752 certa
439 708 497 750 non
512 687 638 825 possurff:
659 687 795 748 divinatio
810 686 885 746 nulia
900 687 959 748 est.
986 689 1045 748 Sin
1055 705 1104 748 au-

201 784 261 832 tem
276 765 505 846 idcircopoffunt
517 767 597 844 provi
617 767 674 836 eri,
693 766 758 842 quia
770 775 843 822 certa
855 762 922 822 sunt
966 766 1004 824 δε
1033 766 1106 824 fata·

201 847 253 912 iia:
274 847 360 908 rursus
373 845 507 906 divinatio
522 842 653 904 nullaesa.
679 859 742 900 eam
756 842 833 906 enim
848 851 881 898 tu
895 839 1103 902 fortuitarum

156 938 195 1000 ,ό
205 942 297 986 rerum
314 921 368 984 effe
381 923 497 984 dicebas.
535 921 590 979 Sed
602 919 665 978 haec
679 917 763 988 fuerit
775 917 854 976 nobis
868 927 1042 996 tamquam
1064 919 1105 977 le-

101 1006 105 1018 ’
205 1003 245 1062 vis
258 1013 404 1060 armaturae
418 1002 505 1076 prima
519 995 651 1056 orationis
672 992 820 1053 excursio:
847 1009 932 1054 nunc
959 997 1104 1055 cominus

204 1095 316 1154 agamus
348 1078 602 1154 experiamurque,
628 1071 793 1149 srpoffimus
814 1084 927 1131 cornua
953 1089 1103 1134 commo·

208 1171 274 1214 vere
290 1153 475 1228 disputationis
489 1164 554 1210 tuae.

245 1228 296 1289 Xl.
315 1231 343 1288 D
352 1249 400 1288 uo
421 1229 496 1288 eninr
508 1243 611 1304 genera
624 1223 765 1286 divinandi
779 1221 834 1284 esse
850 1224 973 1286 dicebas
983 1269 992 1294 ,
1001 1243 1101 1286 unum

207 1307 408 1375 artificiosum,
427 1305 544 1364 alterum
572 1301 704 1362 naturale.
745 1298 928 1362 artificiosum
964 1303 1102 1362 constare

207 1385 308 1458 partim
326 1401 360 1444 ex
374 1382 550 1458 conjedura‚
570 1381 668 1456 partim
683 1398 719 1440 ex
733 1378 929 1440 observatione
947 1380 1101 1442 diuturna:

208 1459 355 1530 naturale,
374 1459 451 1536 qnod
465 1461 573 1518 animus
586 1457 732 1532 arriperet,
752 1467 799 1514 aut
821 1459 975 1532 exciperet
991 1458 1103 1519 extrin-

207 1534 283 1594 secus
297 1555 332 1594 ex
345 1535 486 1596 divinitate
502 1579 511 1605 ,
530 1535 604 1594 unde
625 1551 725 1593 omnes
744 1534 853 1592 animos
874 1533 1030 1605 haustos,
1051 1544 1101 1592 aut

208 1624 355 1686 acceptos,
374 1625 420 1671 aut
431 1613 526 1672 libatos
539 1609 711 1670 haberemus.
753 1607 916 1670 Artificiosae
934 1609 1103 1672 divirratio·

61 1713 88 1765 ῃ,
104 1711 189 1762 mv,
213 1690 254 1747 nis
274 1689 318 1747 illa
341 1689 399 1748 sere
418 1707 518 1766 genera
538 1688 676 1764 ponebas,
695 1685 882 1762 extispicum,
903 1703 1102 1765 eorumque,

214 1765 262 1843 qui
276 1783 310 1824 ex
326 1765 477 1842 ¹fulguribus
503 1764 668 1839 ostentisque
683 1763 863 1842 praedicerent
881 1805 890 1833 ,
910 1775 985 1823 tum
1007 1779 1101 1841 augu-

213 1860 294 1913 rum,
319 1860 490 1919 eorumque,
511 1841 559 1918 qui
572 1839 669 1916 signis,
689 1854 735 1901 aut
756 1839 896 1900 ominibus
917 1852 1116 1910 uterentur„

213 1937 357 2056 onssneque
374 1937 460 1996 genus
480 1916 664 1996 conjedurale
685 1918 715 1977 in
734 1917 791 1976 hoc
812 1915 870 1976 sere
901 1933 1021 1993 genere
1046 1903 1116 1996 post

212 2015 248 2056 ne
268 2015 303 2056 as.
787 2049 791 2068 ,
1115 2013 1116 2036 ³

169 2105 204 2161 27
252 2073 322 2134 Illud
335 2085 428 2134 autern
443 2065 580 2144 naturale,
600 2081 648 2132 aut
661 2069 848 2132 concitatione
861 2073 973 2130 mentis
988 2072 1099 2142 edi‚&
1114 2045 1116 2100 Ψ

214 2151 288 2226 quasi
303 2152 381 2210 fundi
394 2151 554 2220 videbatur,
572 2161 619 2208 aut
632 2147 752 2218 animo,
778 2164 827 2222 per
847 2145 990 2214 somnum
1014 2148 1100 2208 sensi·

68 2263 85 2296 z
99 2227 264 2306 previde-bus
289 2229 319 2285 ὃ(
340 2229 410 2286 euris
424 2245 532 2295 vacuo,
552 2224 844 2302 ²provideri.‘Duxisti
858 2225 961 2286 autem
980 2226 1097 2285 divim

70 2308 149 2358 riarti.
215 2304 323 2360 tionem
336 2321 454 2362 omnem
469 2302 485 2361 ir
499 2304 581 2362 tribus
595 2301 689 2371 rebus,
708 2300 805 2371 ddeo,
825 2301 840 2360 d
855 2301 933 2372 sato,
957 2301 1100 2362 anatum.

218 2377 272 2437 Sed
286 2391 380 2438 tamen
396 2379 459 2438 cum
475 2381 608 2455 explicare
627 2378 695 2438 nihil
713 2376 825 2453 posses,
853 2396 889 2454 pu
910 2379 985 2438 nesti
1011 2397 1097 2440 com·

216 2457 413 2516 ruenticiortun
427 2457 618 2532 exemplorum
634 2453 747 2513 mirifici
761 2452 851 2530 cupid.
890 2396 940 2516 {e
956 2474 1027 2532 quo
1041 2458 1096 2533 pri·

71 2553 142 2603 aaut
157 2567 197 2595 aaa
218 2551 296 2592 muru
318 2535 374 2594 hoc
392 2533 458 2594 libet
478 2533 578 2594 dicere.
605 2533 661 2590 hoc
684 2548 737 2606 ego
757 2531 912 2607 philosophi
932 2550 999 2592 non
1019 2531 1096 2593 ²esse

70 2619 142 2663 aaran
159 2610 355 2682 effuarbitror,
375 2608 480 2669 testibus
502 2611 558 2676 uti;
578 2611 627 2683 qui
647 2619 694 2664 aut
715 2607 776 2666 casu
798 2610 880 2677 veri,
907 2621 960 2668 aut
984 2610 1095 2670 malitid

217 2684 274 2743 falfi
300 2685 412 2764 fidique
440 2685 493 2744 effe
513 2683 630 2762 possunt.
669 2685 905 2762 Argumentis&
933 2687 1096 2747 rationibus

216 2773 343 2834 oportet,
363 2781 448 2839 quare
463 2763 584 2839 quidque
597 2763 634 2821 ita
650 2763 682 2824 fit
697 2805 706 2832 ‚
726 2759 827 2824 docere
843 2803 853 2831 ,
871 2780 932 2822 non
951 2767 1094 2836 eventis,
1115 2773 1116 2780 ’

215 2835 246 2894 iis
260 2837 426 2910 praesertim,
445 2840 541 2914 quibus
556 2839 623 2898 mihi
638 2840 718 2898 liceat
731 2857 790 2898 non
806 2838 927 2898 credere.

174 2934 212 2996 23
256 2913 396 2974 X11.Ur
416 2935 566 2974 oanian
587 2916 621 2974 ab
641 2915 833 2990 haruspicina,
851 2933 937 2993 quam
963 2933 1025 2992 ego
1042 2920 1094 2978 rei·

140 3043 147 3056 ,
218 2990 335 3064 publicae
349 2991 442 3061 causa,
462 2994 675 3068 communisque
686 2992 841 3065 religionis,
855 2993 1008 3052 colendas*
1028 2997 1116 3056 “rr-i

217 3065 279 3128 seo:
299 3067 345 3128 sed
358 3067 407 3128 soli
420 3068 526 3128 sumus:
546 3068 609 3128 licet
624 3087 720 3128 verum
736 3066 877 3144 exquirere
898 3068 981 3130 surei
1063 3073 1096 3146 ia,
1114 3125 1115 3130 ,

198 3145 286 3205 vrnihi
299 3143 447 3224 praesertim
464 3145 498 3204 de
517 3145 651 3223 plerisque
672 3145 814 3206 dubitanti.
852 3146 983 3206 ²0i·‘“³⁶³
1063 3169 1115 3224 sp*

253 3401 292 3436 20.
309 3389 460 3451 iustissima,
467 3393 500 3451 fi,
509 3391 577 3442 atam
586 3401 635 3452 carta
646 3391 761 3452 primum]
777 3387 922 3458 Reg.n0stet
931 3393 987 3455 ‚r'rrs⁴
1063 3407 1091 3440 *ut

218 3466 282 3516 ergo,
294 3450 316 3512 fi
326 3455 408 3515 piacet,
424 3458 600 3548 exsuperantem,
617 3452 684 3520 quot
695 3454 784 3508 retem
799 3469 878 3522 putor
894 3451 1007 3520 siquiden
1063 3465 1090 3569 :-

1113 3643 1115 3720 F
