<?xml version="1.0" encoding="UTF-8"?>
<!DOCTYPE html PUBLIC "-//W3C//DTD XHTML 1.0 Transitional//EN"
    "http://www.w3.org/TR/xhtml1/DTD/xhtml1-transitional.dtd">
<html xmlns="http://www.w3.org/1999/xhtml" xml:lang="en" lang="en">
 <head>
  <title>
</title>
<meta http-equiv="Content-Type" content="text/html;charset=utf-8" />
  <meta name='ocr-system' content='tesseract 3.04.00' />
  <meta name='ocr-capabilities' content='ocr_page ocr_carea ocr_par ocr_line ocrx_word'/>
</head>
<body>
  <div class='ocr_page' id='page_1' title='image "./marcitulliicice01grongoog_0316.png"; bbox 0 0 2234 3814; ppageno 0'>
   <div class='ocr_carea' id='block_1_1' title="bbox 145 86 999 236">
    <p class='ocr_par' dir='ltr' id='par_1_1' title="bbox 145 86 999 236">
     <span class='ocr_line' id='line_1_1' title="bbox 145 86 999 236; baseline -0.009 -24"><span class='ocrx_word' id='word_1_1' title='bbox 145 151 148 158; x_wconf 87' lang='lat'>&#39;</span> <span class='ocrx_word' id='word_1_2' title='bbox 216 145 297 236; x_wconf 80' lang='lat'>3186</span> <span class='ocrx_word' id='word_1_3' title='bbox 377 86 999 210; x_wconf 69' lang='lat' dir='ltr'>onorv‘rnarrovu&#39;</span> 
     </span>
    </p>
   </div>
   <div class='ocr_carea' id='block_1_2' title="bbox 64 243 1116 1938">
    <p class='ocr_par' dir='ltr' id='par_1_2' title="bbox 216 243 1092 558">
     <span class='ocr_line' id='line_1_2' title="bbox 216 243 1092 330; baseline -0.003 -13"><span class='ocrx_word' id='word_1_4' title='bbox 216 273 265 330; x_wconf 80' lang='lat' dir='ltr'>ptr</span> <span class='ocrx_word' id='word_1_5' title='bbox 279 253 345 314; x_wconf 88' lang='lat' dir='ltr'>libet</span> <span class='ocrx_word' id='word_1_6' title='bbox 359 253 380 312; x_wconf 88' lang='lat' dir='ltr'>is</span> <span class='ocrx_word' id='word_1_7' title='bbox 397 295 405 322; x_wconf 89' lang='lat'><strong>,</strong></span> <span class='ocrx_word' id='word_1_8' title='bbox 425 269 510 330; x_wconf 87' lang='lat' dir='ltr'>quern</span> <span class='ocrx_word' id='word_1_9' title='bbox 532 250 566 310; x_wconf 87' lang='lat' dir='ltr'>ad</span> <span class='ocrx_word' id='word_1_10' title='bbox 581 247 703 310; x_wconf 89' lang='lat' dir='ltr'>nollrum</span> <span class='ocrx_word' id='word_1_11' title='bbox 724 243 850 310; x_wconf 73' lang='lat' dir='ltr'>Atticum</span> <span class='ocrx_word' id='word_1_12' title='bbox 879 250 914 310; x_wconf 90' lang='lat' dir='ltr'>de</span> <span class='ocrx_word' id='word_1_13' title='bbox 935 249 1092 314; x_wconf 68' lang='lat' dir='ltr'>Senserunt</span> 
     </span>
     <span class='ocr_line' id='line_1_3' title="bbox 216 325 1092 405; baseline 0.006 -17"><span class='ocrx_word' id='word_1_14' title='bbox 216 329 347 390; x_wconf 83' lang='lat' dir='ltr'>misimus.</span> <span class='ocrx_word' id='word_1_15' title='bbox 372 325 406 388; x_wconf 95' lang='lat' dir='ltr'>ln</span> <span class='ocrx_word' id='word_1_16' title='bbox 421 331 586 405; x_wconf 81' lang='lat' dir='ltr'><strong>primisque,</strong></span> <span class='ocrx_word' id='word_1_17' title='bbox 606 327 740 402; x_wconf 86' lang='lat' dir='ltr'>quonia-m</span> <span class='ocrx_word' id='word_1_18' title='bbox 755 326 925 404; x_wconf 74' lang='lat' dir='ltr'>philosophia</span> <span class='ocrx_word' id='word_1_19' title='bbox 938 329 986 387; x_wconf 92' lang='lat' dir='ltr'>vir</span> <span class='ocrx_word' id='word_1_20' title='bbox 999 330 1092 392; x_wconf 82' lang='lat' dir='ltr'>bonus</span> 
     </span>
     <span class='ocr_line' id='line_1_4' title="bbox 216 399 1091 482; baseline 0.006 -19"><span class='ocrx_word' id='word_1_21' title='bbox 216 401 332 466; x_wconf 83' lang='lat' dir='ltr'>efficitur</span> <span class='ocrx_word' id='word_1_22' title='bbox 346 406 404 476; x_wconf 60' lang='lat' dir='ltr'>J&amp;</span> <span class='ocrx_word' id='word_1_23' title='bbox 419 407 513 474; x_wconf 86' lang='lat' dir='ltr'>sortis,</span> <span class='ocrx_word' id='word_1_24' title='bbox 533 405 605 462; x_wconf 90' lang='lat' dir='ltr'>Cato</span> <span class='ocrx_word' id='word_1_25' title='bbox 617 403 708 462; x_wconf 83' lang='lat' dir='ltr'>noster</span> <span class='ocrx_word' id='word_1_26' title='bbox 721 405 751 463; x_wconf 91' lang='lat' dir='ltr'>in</span> <span class='ocrx_word' id='word_1_27' title='bbox 763 399 865 482; x_wconf 89' lang='lat' dir='ltr'>horum</span> <span class='ocrx_word' id='word_1_28' title='bbox 879 404 1019 467; x_wconf 89' lang='lat' dir='ltr'>librorum</span> <span class='ocrx_word' id='word_1_29' title='bbox 1037 427 1091 468; x_wconf 90' lang='lat' dir='ltr'>nu·</span> 
     </span>
     <span class='ocr_line' id='line_1_5' title="bbox 217 481 515 558; baseline 0.007 -18"><span class='ocrx_word' id='word_1_30' title='bbox 217 499 296 541; x_wconf 89' lang='lat' dir='ltr'>mero</span> <span class='ocrx_word' id='word_1_31' title='bbox 312 481 455 558; x_wconf 87' lang='lat' dir='ltr'>ponendus</span> <span class='ocrx_word' id='word_1_32' title='bbox 470 483 515 542; x_wconf 85' lang='lat' dir='ltr'>est.</span> 
     </span>
    </p>

    <p class='ocr_par' dir='ltr' id='par_1_3' title="bbox 189 553 1093 1000">
     <span class='ocr_line' id='line_1_6' title="bbox 189 553 1091 636; baseline 0.003 -17"><span class='ocrx_word' id='word_1_33' title='bbox 189 564 208 619; x_wconf 80' lang='lat'>4</span> <span class='ocrx_word' id='word_1_34' title='bbox 255 559 385 636; x_wconf 78' lang='lat' dir='ltr'>Cumque</span> <span class='ocrx_word' id='word_1_35' title='bbox 401 559 558 618; x_wconf 84' lang='lat' dir='ltr'>Aristoteles</span> <span class='ocrx_word' id='word_1_36' title='bbox 575 599 584 626; x_wconf 88' lang='lat'>,</span> <span class='ocrx_word' id='word_1_37' title='bbox 602 553 727 632; x_wconf 83' lang='lat' dir='ltr'>itemque</span> <span class='ocrx_word' id='word_1_38' title='bbox 741 555 947 634; x_wconf 82' lang='lat' dir='ltr'>Theophrastus</span> <span class='ocrx_word' id='word_1_39' title='bbox 965 601 975 628; x_wconf 88' lang='lat'><strong>,</strong></span> <span class='ocrx_word' id='word_1_40' title='bbox 995 563 1091 622; x_wconf 84' lang='lat' dir='ltr'>excel-</span> 
     </span>
     <span class='ocr_line' id='line_1_7' title="bbox 213 634 1092 715; baseline 0.007 -23"><span class='ocrx_word' id='word_1_41' title='bbox 213 634 299 694; x_wconf 85' lang='lat' dir='ltr'>lentes</span> <span class='ocrx_word' id='word_1_42' title='bbox 315 639 366 696; x_wconf 85' lang='lat' dir='ltr'>viti</span> <span class='ocrx_word' id='word_1_43' title='bbox 381 635 445 695; x_wconf 80' lang='lat' dir='ltr'>cum</span> <span class='ocrx_word' id='word_1_44' title='bbox 459 635 619 702; x_wconf 79' lang='lat' dir='ltr'>subtilitate,</span> <span class='ocrx_word' id='word_1_45' title='bbox 639 644 698 692; x_wconf 89' lang='lat' dir='ltr'>tum</span> <span class='ocrx_word' id='word_1_46' title='bbox 714 635 811 708; x_wconf 86' lang='lat' dir='ltr'>copia,</span> <span class='ocrx_word' id='word_1_47' title='bbox 831 650 895 693; x_wconf 85' lang='lat' dir='ltr'>cum</span> <span class='ocrx_word' id='word_1_48' title='bbox 931 635 1092 715; x_wconf 78' lang='lat' dir='ltr'>hilosophia</span> 
     </span>
     <span class='ocr_line' id='line_1_8' title="bbox 213 653 1092 792; baseline 0.007 -24"><span class='ocrx_word' id='word_1_49' title='bbox 213 707 323 771; x_wconf 82' lang='lat' dir='ltr'>dicendi</span> <span class='ocrx_word' id='word_1_50' title='bbox 343 715 425 772; x_wconf 88' lang='lat' dir='ltr'>etiam</span> <span class='ocrx_word' id='word_1_51' title='bbox 455 723 591 787; x_wconf 83' lang='lat' dir='ltr'>praecepta</span> <span class='ocrx_word' id='word_1_52' title='bbox 618 710 812 786; x_wconf 85' lang='lat' dir='ltr'>conjunxerint</span> <span class='ocrx_word' id='word_1_53' title='bbox 828 653 946 779; x_wconf 60' lang='lat' dir='ltr'>fnotitr&#39;</span> <span class='ocrx_word' id='word_1_54' title='bbox 968 732 1092 792; x_wconf 83' lang='lat' dir='ltr'>quoque</span> 
     </span>
     <span class='ocr_line' id='line_1_9' title="bbox 214 787 1093 852; baseline 0.005 -4"><span class='ocrx_word' id='word_1_55' title='bbox 214 789 337 848; x_wconf 82' lang='lat' dir='ltr'>Oratorii</span> <span class='ocrx_word' id='word_1_56' title='bbox 355 790 415 849; x_wconf 89' lang='lat' dir='ltr'>libri</span> <span class='ocrx_word' id='word_1_57' title='bbox 433 791 461 848; x_wconf 92' lang='lat' dir='ltr'>in</span> <span class='ocrx_word' id='word_1_58' title='bbox 482 787 602 848; x_wconf 90' lang='lat' dir='ltr'>eundem</span> <span class='ocrx_word' id='word_1_59' title='bbox 623 803 771 845; x_wconf 90' lang='lat' dir='ltr'>numerum</span> <span class='ocrx_word' id='word_1_60' title='bbox 787 787 925 846; x_wconf 83' lang='lat' dir='ltr'>referendi</span> <span class='ocrx_word' id='word_1_61' title='bbox 943 790 1093 852; x_wconf 71' lang='lat' dir='ltr'>videntum</span> 
     </span>
     <span class='ocr_line' id='line_1_10' title="bbox 210 863 1093 1000; baseline 0.003 -76"><span class='ocrx_word' id='word_1_62' title='bbox 210 866 247 1000; x_wconf 62' lang='grc' dir='ltr'>ιὸι</span> <span class='ocrx_word' id='word_1_63' title='bbox 267 881 320 932; x_wconf 88' lang='lat' dir='ltr'>tres</span> <span class='ocrx_word' id='word_1_64' title='bbox 340 879 419 926; x_wconf 89' lang='lat' dir='ltr'>erunt</span> <span class='ocrx_word' id='word_1_65' title='bbox 438 865 472 925; x_wconf 90' lang='lat' dir='ltr'>de</span> <span class='ocrx_word' id='word_1_66' title='bbox 492 867 627 926; x_wconf 81' lang='lat' dir='ltr'>Oratore:</span> <span class='ocrx_word' id='word_1_67' title='bbox 648 874 780 940; x_wconf 86' lang='lat' dir='ltr'>quartus,</span> <span class='ocrx_word' id='word_1_68' title='bbox 799 863 895 922; x_wconf 89' lang='lat' dir='ltr'>Brutus</span> <span class='ocrx_word' id='word_1_69' title='bbox 915 884 923 923; x_wconf 81' lang='lat' dir='ltr'>a</span> <span class='ocrx_word' id='word_1_70' title='bbox 950 867 1071 943; x_wconf 88' lang='lat' dir='ltr'>quintus</span> <span class='ocrx_word' id='word_1_71' title='bbox 1078 909 1093 942; x_wconf 73' lang='lat' dir='ltr'><em>r</em></span> 
     </span>
    </p>

    <p class='ocr_par' dir='ltr' id='par_1_4' title="bbox 64 957 1116 1692">
     <span class='ocr_line' id='line_1_11' title="bbox 244 957 324 1002; baseline 0.025 -2"><span class='ocrx_word' id='word_1_72' title='bbox 244 957 324 1002; x_wconf 86' lang='lat' dir='ltr'>tator.</span> 
     </span>
     <span class='ocr_line' id='line_1_12' title="bbox 64 1007 1090 1094; baseline 0.002 -16"><span class='ocrx_word' id='word_1_73' title='bbox 64 1016 137 1066; x_wconf 68' lang='lat' dir='ltr'>1³⁴!ii</span> <span class='ocrx_word' id='word_1_74' title='bbox 153 1016 206 1094; x_wconf 64' lang='lat'>³⁶¹}-</span> <span class='ocrx_word' id='word_1_75' title='bbox 254 1019 289 1078; x_wconf 92' lang='lat' dir='ltr'>ll.</span> <span class='ocrx_word' id='word_1_76' title='bbox 310 1021 449 1078; x_wconf 67' lang='lat' dir='ltr'>Anssrruc</span> <span class='ocrx_word' id='word_1_77' title='bbox 468 1019 531 1076; x_wconf 84' lang='lat' dir='ltr'>haec</span> <span class='ocrx_word' id='word_1_78' title='bbox 544 1007 630 1076; x_wconf 86' lang='lat' dir='ltr'>erant.</span> <span class='ocrx_word' id='word_1_79' title='bbox 655 1015 690 1076; x_wconf 90' lang='lat' dir='ltr'>ad</span> <span class='ocrx_word' id='word_1_80' title='bbox 710 1015 812 1092; x_wconf 89' lang='lat' dir='ltr'>reliqua</span> <span class='ocrx_word' id='word_1_81' title='bbox 827 1015 928 1076; x_wconf 85' lang='lat' dir='ltr'>balacri</span> <span class='ocrx_word' id='word_1_82' title='bbox 947 1018 1090 1081; x_wconf 82' lang='lat' dir='ltr'>tendeba-</span> 
     </span>
     <span class='ocr_line' id='line_1_13' title="bbox 65 1089 1089 1172; baseline 0.001 -17"><span class='ocrx_word' id='word_1_83' title='bbox 65 1092 274 1155; x_wconf 53' lang='lat' dir='ltr'>‘Ws‘mlmus</span> <span class='ocrx_word' id='word_1_84' title='bbox 295 1095 416 1165; x_wconf 84' lang='lat' dir='ltr'>animo,</span> <span class='ocrx_word' id='word_1_85' title='bbox 436 1089 579 1170; x_wconf 76' lang='lat' dir='ltr'>fic&#39;panti</span> <span class='ocrx_word' id='word_1_86' title='bbox 591 1135 598 1158; x_wconf 83' lang='lat'><em>.</em></span> <span class='ocrx_word' id='word_1_87' title='bbox 610 1107 651 1156; x_wconf 64' lang='lat' dir='ltr'>,ut</span> <span class='ocrx_word' id='word_1_88' title='bbox 672 1134 685 1162; x_wconf 88' lang='lat'>,.</span> <span class='ocrx_word' id='word_1_89' title='bbox 706 1091 754 1150; x_wconf 86' lang='lat' dir='ltr'>nist</span> <span class='ocrx_word' id='word_1_90' title='bbox 768 1105 851 1170; x_wconf 85' lang='lat' dir='ltr'>cquae</span> <span class='ocrx_word' id='word_1_91' title='bbox 872 1093 951 1153; x_wconf 89' lang='lat' dir='ltr'>causa</span> <span class='ocrx_word' id='word_1_92' title='bbox 971 1098 1089 1172; x_wconf 76' lang='lat' dir='ltr'>gravior</span> 
     </span>
     <span class='ocr_line' id='line_1_14' title="bbox 132 1167 1093 1246; baseline 0 -14"><span class='ocrx_word' id='word_1_93' title='bbox 132 1175 141 1194; x_wconf 84' lang='lat'>&#39;</span> <span class='ocrx_word' id='word_1_94' title='bbox 212 1169 374 1238; x_wconf 78' lang='lat' dir='ltr'>obstitisset,</span> <span class='ocrx_word' id='word_1_95' title='bbox 393 1169 499 1230; x_wconf 83' lang='lat' dir='ltr'>millum</span> <span class='ocrx_word' id='word_1_96' title='bbox 514 1169 693 1246; x_wconf 74' lang='lat' dir='ltr'>philosophiae</span> <span class='ocrx_word' id='word_1_97' title='bbox 706 1169 800 1228; x_wconf 90' lang='lat' dir='ltr'>locum</span> <span class='ocrx_word' id='word_1_98' title='bbox 821 1167 873 1228; x_wconf 84' lang='lat' dir='ltr'>elle</span> <span class='ocrx_word' id='word_1_99' title='bbox 896 1184 1063 1246; x_wconf 87' lang='lat' dir='ltr'>pateremur</span> <span class='ocrx_word' id='word_1_100' title='bbox 1077 1211 1093 1246; x_wconf 73' lang='lat'>‚›</span> 
     </span>
     <span class='ocr_line' id='line_1_15' title="bbox 213 1245 1088 1326; baseline 0.003 -20"><span class='ocrx_word' id='word_1_101' title='bbox 213 1250 334 1326; x_wconf 91' lang='lat' dir='ltr'>quinon</span> <span class='ocrx_word' id='word_1_102' title='bbox 356 1248 461 1307; x_wconf 82' lang='lat' dir='ltr'>Latinis</span> <span class='ocrx_word' id='word_1_103' title='bbox 481 1246 564 1306; x_wconf 86' lang='lat' dir='ltr'>literis·</span> <span class='ocrx_word' id='word_1_104' title='bbox 582 1245 722 1306; x_wconf 81' lang='lat' dir='ltr'>illustratus</span> <span class='ocrx_word' id='word_1_105' title='bbox 740 1258 852 1321; x_wconf 88' lang='lat' dir='ltr'>pateret.</span> <span class='ocrx_word' id='word_1_106' title='bbox 891 1249 981 1323; x_wconf 89' lang='lat' dir='ltr'>Quod</span> <span class='ocrx_word' id='word_1_107' title='bbox 999 1251 1088 1310; x_wconf 89' lang='lat' dir='ltr'>enim</span> 
     </span>
     <span class='ocr_line' id='line_1_16' title="bbox 211 1320 1116 1404; baseline 0.001 -21"><span class='ocrx_word' id='word_1_108' title='bbox 211 1343 313 1387; x_wconf 87' lang='lat' dir='ltr'>munus</span> <span class='ocrx_word' id='word_1_109' title='bbox 327 1320 483 1402; x_wconf 73' lang='lat' dir='ltr'>reipublicae</span> <span class='ocrx_word' id='word_1_110' title='bbox 503 1321 599 1382; x_wconf 81' lang='lat' dir='ltr'>afferre</span> <span class='ocrx_word' id='word_1_111' title='bbox 632 1322 730 1397; x_wconf 80' lang='lat' dir='ltr'>majus</span> <span class='ocrx_word' id='word_1_112' title='bbox 760 1321 892 1382; x_wconf 87' lang='lat' dir='ltr'>meliusve</span> <span class='ocrx_word' id='word_1_113' title='bbox 914 1321 1060 1404; x_wconf 77' lang='lat' dir='ltr'>possumus</span> <span class='ocrx_word' id='word_1_114' title='bbox 1075 1369 1093 1398; x_wconf 83' lang='lat'><strong>,</strong></span> <span class='ocrx_word' id='word_1_115' title='bbox 1115 1387 1116 1390; x_wconf 61' lang='grc'>,</span> 
     </span>
     <span class='ocr_line' id='line_1_17' title="bbox 212 1398 1116 1482; baseline 0.004 -22"><span class='ocrx_word' id='word_1_116' title='bbox 212 1400 339 1482; x_wconf 72' lang='lat' dir='ltr'>quami</span> <span class='ocrx_word' id='word_1_117' title='bbox 371 1400 506 1461; x_wconf 87' lang='lat' dir='ltr'>docemus</span> <span class='ocrx_word' id='word_1_118' title='bbox 544 1412 627 1476; x_wconf 84' lang='lat' dir='ltr'>atque</span> <span class='ocrx_word' id='word_1_119' title='bbox 649 1398 787 1458; x_wconf 80' lang='lat' dir='ltr'>erudimus</span> <span class='ocrx_word' id='word_1_120' title='bbox 809 1399 1018 1476; x_wconf 83' lang='lat' dir='ltr'>juventutem?</span> <span class='ocrx_word' id='word_1_121' title='bbox 1038 1403 1116 1468; x_wconf 82' lang='lat' dir='ltr'>his-3</span> 
     </span>
     <span class='ocr_line' id='line_1_18' title="bbox 231 1474 1093 1555; baseline 0.005 -19"><span class='ocrx_word' id='word_1_122' title='bbox 231 1474 358 1537; x_wconf 85' lang='lat' dir='ltr'>taesertim</span> <span class='ocrx_word' id='word_1_123' title='bbox 384 1477 504 1538; x_wconf 88' lang='lat' dir='ltr'>motibus</span> <span class='ocrx_word' id='word_1_124' title='bbox 530 1488 612 1554; x_wconf 86' lang='lat' dir='ltr'>atque</span> <span class='ocrx_word' id='word_1_125' title='bbox 634 1477 818 1551; x_wconf 87' lang='lat' dir='ltr'>temporibus:</span> <span class='ocrx_word' id='word_1_126' title='bbox 860 1477 936 1537; x_wconf 86' lang='lat' dir='ltr'>uibus</span> <span class='ocrx_word' id='word_1_127' title='bbox 958 1481 1093 1555; x_wconf 76' lang='lat' dir='ltr'>ita-pro-</span> 
     </span>
     <span class='ocr_line' id='line_1_19' title="bbox 207 1497 1092 1692; baseline 0.006 -79"><span class='ocrx_word' id='word_1_128' title='bbox 207 1497 284 1692; x_wconf 54' lang='lat' dir='ltr'>{apssa</span> <span class='ocrx_word' id='word_1_129' title='bbox 303 1555 340 1616; x_wconf 90' lang='lat' dir='ltr'>est</span> <span class='ocrx_word' id='word_1_130' title='bbox 360 1597 369 1627; x_wconf 88' lang='lat'><strong>,</strong></span> <span class='ocrx_word' id='word_1_131' title='bbox 388 1568 419 1615; x_wconf 92' lang='lat' dir='ltr'>ut</span> <span class='ocrx_word' id='word_1_132' title='bbox 438 1554 567 1614; x_wconf 82' lang='lat' dir='ltr'>omnium</span> <span class='ocrx_word' id='word_1_133' title='bbox 594 1551 691 1630; x_wconf 85' lang='lat' dir='ltr'>opibus</span> <span class='ocrx_word' id='word_1_134' title='bbox 716 1551 842 1614; x_wconf 87' lang='lat' dir='ltr'>tehenan</span> <span class='ocrx_word' id='word_1_135' title='bbox 897 1571 929 1614; x_wconf 85' lang='lat' dir='ltr'>ac</span> <span class='ocrx_word' id='word_1_136' title='bbox 945 1573 1092 1628; x_wconf 52' lang='lat' dir='ltr'>coercente</span> 
     </span>
     <span class='ocr_line' id='line_1_20' title="bbox 227 1642 302 1691; baseline -0.013 0"><span class='ocrx_word' id='word_1_137' title='bbox 227 1649 242 1691; x_wconf 71' lang='lat'><em>²</em></span> <span class='ocrx_word' id='word_1_138' title='bbox 272 1642 302 1690; x_wconf 82' lang='lat' dir='ltr'>lt.</span> 
     </span>
    </p>

    <p class='ocr_par' dir='ltr' id='par_1_5' title="bbox 184 1697 1116 1938">
     <span class='ocr_line' id='line_1_21' title="bbox 184 1697 1116 1788; baseline 0.006 -23"><span class='ocrx_word' id='word_1_139' title='bbox 184 1707 221 1788; x_wconf 74' lang='grc' dir='ltr'>ς’</span> <span class='ocrx_word' id='word_1_140' title='bbox 249 1709 310 1766; x_wconf 92' lang='lat' dir='ltr'>Nec</span> <span class='ocrx_word' id='word_1_141' title='bbox 324 1705 392 1767; x_wconf 84' lang='lat' dir='ltr'>verb</span> <span class='ocrx_word' id='word_1_142' title='bbox 407 1703 436 1768; x_wconf 85' lang='lat' dir='ltr'>id</span> <span class='ocrx_word' id='word_1_143' title='bbox 449 1704 520 1779; x_wconf 79' lang='lat' dir='ltr'>effici</span> <span class='ocrx_word' id='word_1_144' title='bbox 534 1697 609 1784; x_wconf 82' lang='lat' dir='ltr'>posse</span> <span class='ocrx_word' id='word_1_145' title='bbox 631 1701 744 1768; x_wconf 87' lang='lat' dir='ltr'>conlido</span> <span class='ocrx_word' id='word_1_146' title='bbox 760 1749 772 1777; x_wconf 81' lang='lat'>,</span> <span class='ocrx_word' id='word_1_147' title='bbox 788 1707 865 1784; x_wconf 88' lang='lat' dir='ltr'>quod</span> <span class='ocrx_word' id='word_1_148' title='bbox 886 1725 923 1768; x_wconf 83' lang='lat' dir='ltr'>ne</span> <span class='ocrx_word' id='word_1_149' title='bbox 938 1709 1116 1784; x_wconf 51' lang='lat' dir='ltr'>pollvrlan·¹</span> 
     </span>
     <span class='ocr_line' id='line_1_22' title="bbox 209 1783 1090 1862; baseline 0.006 -18"><span class='ocrx_word' id='word_1_150' title='bbox 209 1783 277 1844; x_wconf 88' lang='lat' dir='ltr'>dum</span> <span class='ocrx_word' id='word_1_151' title='bbox 292 1785 404 1862; x_wconf 90' lang='lat' dir='ltr'>quidem</span> <span class='ocrx_word' id='word_1_152' title='bbox 420 1785 474 1856; x_wconf 89' lang='lat' dir='ltr'>est,</span> <span class='ocrx_word' id='word_1_153' title='bbox 494 1799 524 1845; x_wconf 94' lang='lat' dir='ltr'>ut</span> <span class='ocrx_word' id='word_1_154' title='bbox 538 1801 636 1844; x_wconf 88' lang='lat' dir='ltr'>omnes</span> <span class='ocrx_word' id='word_1_155' title='bbox 651 1783 835 1844; x_wconf 82' lang='lat' dir='ltr'>adolescentes</span> <span class='ocrx_word' id='word_1_156' title='bbox 854 1784 880 1844; x_wconf 89' lang='lat' dir='ltr'>se</span> <span class='ocrx_word' id='word_1_157' title='bbox 895 1785 930 1844; x_wconf 93' lang='lat' dir='ltr'>ad</span> <span class='ocrx_word' id='word_1_158' title='bbox 945 1788 1015 1846; x_wconf 75' lang='lat' dir='ltr'>baec</span> <span class='ocrx_word' id='word_1_159' title='bbox 1030 1788 1090 1849; x_wconf 77' lang='lat' dir='ltr'>llu-</span> 
     </span>
     <span class='ocr_line' id='line_1_23' title="bbox 208 1859 1092 1938; baseline 0.003 -16"><span class='ocrx_word' id='word_1_160' title='bbox 208 1861 253 1922; x_wconf 92' lang='lat' dir='ltr'>dia</span> <span class='ocrx_word' id='word_1_161' title='bbox 268 1871 439 1923; x_wconf 83' lang='lat' dir='ltr'>convertant.</span> <span class='ocrx_word' id='word_1_162' title='bbox 475 1862 558 1938; x_wconf 88' lang='lat' dir='ltr'>pauci</span> <span class='ocrx_word' id='word_1_163' title='bbox 569 1861 674 1920; x_wconf 86' lang='lat' dir='ltr'>utinam</span> <span class='ocrx_word' id='word_1_164' title='bbox 690 1859 702 1919; x_wconf 75' lang='lat' dir='ltr'>s</span> <span class='ocrx_word' id='word_1_165' title='bbox 719 1877 839 1938; x_wconf 89' lang='lat' dir='ltr'>quorum</span> <span class='ocrx_word' id='word_1_166' title='bbox 861 1873 960 1936; x_wconf 78' lang='lat' dir='ltr'>tamen</span> <span class='ocrx_word' id='word_1_167' title='bbox 984 1864 1018 1924; x_wconf 85' lang='lat' dir='ltr'>itt</span> <span class='ocrx_word' id='word_1_168' title='bbox 1044 1883 1092 1925; x_wconf 88' lang='lat' dir='ltr'>re·</span> 
     </span>
    </p>
   </div>
   <div class='ocr_carea' id='block_1_3' title="bbox 86 1931 1117 2457">
    <p class='ocr_par' dir='ltr' id='par_1_6' title="bbox 86 1931 1117 2457">
     <span class='ocr_line' id='line_1_24' title="bbox 210 1931 1094 2018; baseline 0.005 -21"><span class='ocrx_word' id='word_1_169' title='bbox 210 1939 317 2014; x_wconf 87' lang='lat' dir='ltr'>publica</span> <span class='ocrx_word' id='word_1_170' title='bbox 336 1937 389 2001; x_wconf 71' lang='lat' dir='ltr'>late</span> <span class='ocrx_word' id='word_1_171' title='bbox 404 1949 496 2015; x_wconf 88' lang='lat' dir='ltr'>patere</span> <span class='ocrx_word' id='word_1_172' title='bbox 517 1938 617 2018; x_wconf 75' lang='lat' dir='ltr'>poterit</span> <span class='ocrx_word' id='word_1_173' title='bbox 636 1936 770 1998; x_wconf 84' lang='lat' dir='ltr'>industria.</span> <span class='ocrx_word' id='word_1_174' title='bbox 810 1931 950 2014; x_wconf 82' lang='lat' dir='ltr'>Equidem</span> <span class='ocrx_word' id='word_1_175' title='bbox 980 1957 1023 2000; x_wconf 78' lang='lat' dir='ltr'>ex</span> <span class='ocrx_word' id='word_1_176' title='bbox 1046 1943 1094 2001; x_wconf 80' lang='lat' dir='ltr'>his</span> 
     </span>
     <span class='ocr_line' id='line_1_25' title="bbox 86 2015 1094 2094; baseline 0.004 -20"><span class='ocrx_word' id='word_1_177' title='bbox 86 2055 92 2062; x_wconf 89' lang='lat'><em>-</em></span> <span class='ocrx_word' id='word_1_178' title='bbox 209 2015 293 2087; x_wconf 79' lang='lat' dir='ltr'>etiam</span> <span class='ocrx_word' id='word_1_179' title='bbox 314 2015 434 2076; x_wconf 69' lang='lat' dir='ltr'>frustum</span> <span class='ocrx_word' id='word_1_180' title='bbox 454 2017 534 2090; x_wconf 81' lang='lat' dir='ltr'>rapio</span> <span class='ocrx_word' id='word_1_181' title='bbox 555 2015 755 2086; x_wconf 22' lang='lat' dir='ltr'>laboris-mei,</span> <span class='ocrx_word' id='word_1_182' title='bbox 779 2017 828 2090; x_wconf 91' lang='lat' dir='ltr'>qui</span> <span class='ocrx_word' id='word_1_183' title='bbox 842 2017 898 2094; x_wconf 84' lang='lat' dir='ltr'>jam</span> <span class='ocrx_word' id='word_1_184' title='bbox 914 2025 1001 2076; x_wconf 84' lang='lat' dir='ltr'>aetare</span> <span class='ocrx_word' id='word_1_185' title='bbox 1019 2035 1094 2094; x_wconf 86' lang='lat' dir='ltr'>pro·</span> 
     </span>
     <span class='ocr_line' id='line_1_26' title="bbox 96 2090 1094 2168; baseline 0.006 -18"><span class='ocrx_word' id='word_1_186' title='bbox 96 2099 122 2155; x_wconf 69' lang='lat'>2·</span> <span class='ocrx_word' id='word_1_187' title='bbox 136 2099 164 2156; x_wconf 68' lang='grc' dir='ltr'>Β.</span> <span class='ocrx_word' id='word_1_188' title='bbox 208 2091 282 2164; x_wconf 77' lang='lat' dir='ltr'>veut</span> <span class='ocrx_word' id='word_1_189' title='bbox 294 2093 323 2151; x_wconf 92' lang='lat' dir='ltr'>in</span> <span class='ocrx_word' id='word_1_190' title='bbox 344 2093 439 2152; x_wconf 84' lang='lat' dir='ltr'>nostris</span> <span class='ocrx_word' id='word_1_191' title='bbox 458 2092 529 2151; x_wconf 86' lang='lat' dir='ltr'>libris</span> <span class='ocrx_word' id='word_1_192' title='bbox 550 2090 724 2168; x_wconf 86' lang='lat' dir='ltr'>acquiescunt</span> <span class='ocrx_word' id='word_1_193' title='bbox 737 2111 744 2150; x_wconf 82' lang='grc' dir='ltr'>ι</span> <span class='ocrx_word' id='word_1_194' title='bbox 757 2091 917 2168; x_wconf 71' lang='lat' dir='ltr'>‚tquotum‘</span> <span class='ocrx_word' id='word_1_195' title='bbox 930 2091 1034 2153; x_wconf 88' lang='lat' dir='ltr'>studio</span> <span class='ocrx_word' id='word_1_196' title='bbox 1050 2095 1094 2156; x_wconf 90' lang='lat' dir='ltr'>le-</span> 
     </span>
     <span class='ocr_line' id='line_1_27' title="bbox 204 2165 1095 2246; baseline 0.006 -18"><span class='ocrx_word' id='word_1_197' title='bbox 204 2169 289 2246; x_wconf 81' lang='lat' dir='ltr'>gendi</span> <span class='ocrx_word' id='word_1_198' title='bbox 302 2175 398 2228; x_wconf 80' lang='lat' dir='ltr'>meum</span> <span class='ocrx_word' id='word_1_199' title='bbox 410 2167 541 2228; x_wconf 84' lang='lat' dir='ltr'>scribendi</span> <span class='ocrx_word' id='word_1_200' title='bbox 561 2167 678 2228; x_wconf 87' lang='lat' dir='ltr'>studium</span> <span class='ocrx_word' id='word_1_201' title='bbox 694 2167 885 2228; x_wconf 83' lang='lat' dir='ltr'>vehementius</span> <span class='ocrx_word' id='word_1_202' title='bbox 905 2165 998 2228; x_wconf 88' lang='lat' dir='ltr'>indies</span> <span class='ocrx_word' id='word_1_203' title='bbox 1015 2171 1095 2233; x_wconf 75' lang='lat' dir='ltr'>inei-</span> 
     </span>
     <span class='ocr_line' id='line_1_28' title="bbox 206 2241 1117 2322; baseline 0.004 -18"><span class='ocrx_word' id='word_1_204' title='bbox 206 2257 295 2312; x_wconf 89' lang='lat' dir='ltr'>ratur;</span> <span class='ocrx_word' id='word_1_205' title='bbox 316 2263 386 2320; x_wconf 88' lang='lat' dir='ltr'>quos</span> <span class='ocrx_word' id='word_1_206' title='bbox 400 2244 513 2321; x_wconf 89' lang='lat' dir='ltr'>quidem</span> <span class='ocrx_word' id='word_1_207' title='bbox 528 2241 615 2319; x_wconf 87' lang='lat' dir='ltr'>plures</span> <span class='ocrx_word' id='word_1_208' title='bbox 630 2285 642 2314; x_wconf 72' lang='grc'><em>,</em></span> <span class='ocrx_word' id='word_1_209' title='bbox 658 2242 743 2321; x_wconf 71' lang='lat' dir='ltr'>quim</span> <span class='ocrx_word' id='word_1_210' title='bbox 758 2243 852 2316; x_wconf 83' lang='lat' dir='ltr'>rebar,</span> <span class='ocrx_word' id='word_1_211' title='bbox 871 2241 926 2304; x_wconf 85' lang='lat' dir='ltr'>effe</span> <span class='ocrx_word' id='word_1_212' title='bbox 941 2250 1091 2322; x_wconf 81' lang='lat' dir='ltr'>cognovi.</span> <span class='ocrx_word' id='word_1_213' title='bbox 1116 2310 1117 2315; x_wconf 63' lang='grc'>,</span> 
     </span>
     <span class='ocr_line' id='line_1_29' title="bbox 206 2319 1092 2457; baseline 0.007 -78"><span class='ocrx_word' id='word_1_214' title='bbox 206 2321 390 2394; x_wconf 83' lang='lat' dir='ltr'>Magnificum</span> <span class='ocrx_word' id='word_1_215' title='bbox 412 2320 477 2380; x_wconf 91' lang='lat' dir='ltr'>illud</span> <span class='ocrx_word' id='word_1_216' title='bbox 498 2323 605 2390; x_wconf 89' lang='lat' dir='ltr'>etiam,</span> <span class='ocrx_word' id='word_1_217' title='bbox 625 2321 815 2457; x_wconf 49' lang='lat' dir='ltr'>Romanitsh&#39;ue</span> <span class='ocrx_word' id='word_1_218' title='bbox 834 2319 1001 2381; x_wconf 78' lang='lat' dir='ltr'>horninibus</span> <span class='ocrx_word' id='word_1_219' title='bbox 1024 2325 1092 2400; x_wconf 83' lang='lat' dir='ltr'>glo·</span> 
     </span>
    </p>
   </div>
   <div class='ocr_carea' id='block_1_4' title="bbox 108 2394 1116 3076">
    <p class='ocr_par' dir='ltr' id='par_1_7' title="bbox 108 2394 1090 2780">
     <span class='ocr_line' id='line_1_30' title="bbox 206 2394 742 2477; baseline 0.004 -23"><span class='ocrx_word' id='word_1_220' title='bbox 206 2395 313 2466; x_wconf 83' lang='lat' dir='ltr'>tioium</span> <span class='ocrx_word' id='word_1_221' title='bbox 325 2442 344 2472; x_wconf 27' lang='lat'>‚¹</span> <span class='ocrx_word' id='word_1_222' title='bbox 354 2411 383 2456; x_wconf 89' lang='lat' dir='ltr'>ut</span> <span class='ocrx_word' id='word_1_223' title='bbox 405 2394 509 2456; x_wconf 84' lang='lat' dir='ltr'>Graecis</span> <span class='ocrx_word' id='word_1_224' title='bbox 524 2397 558 2454; x_wconf 94' lang='lat' dir='ltr'>de</span> <span class='ocrx_word' id='word_1_225' title='bbox 573 2395 742 2477; x_wconf 78' lang='lat' dir='ltr'>philosophia</span> 
     </span>
     <span class='ocr_line' id='line_1_31' title="bbox 205 2471 1049 2556; baseline 0 -25"><span class='ocrx_word' id='word_1_226' title='bbox 205 2471 295 2550; x_wconf 90' lang='lat' dir='ltr'>Quod</span> <span class='ocrx_word' id='word_1_227' title='bbox 308 2471 428 2552; x_wconf 84' lang='lat' dir='ltr'>assequar</span> <span class='ocrx_word' id='word_1_228' title='bbox 442 2472 586 2550; x_wconf 67' lang='lat' dir='ltr'>profesto,</span> <span class='ocrx_word' id='word_1_229' title='bbox 607 2472 626 2540; x_wconf 84' lang='lat' dir='ltr'><strong>fi</strong></span> <span class='ocrx_word' id='word_1_230' title='bbox 639 2473 758 2533; x_wconf 85' lang='lat' dir='ltr'>instituta</span> <span class='ocrx_word' id='word_1_231' title='bbox 771 2475 922 2550; x_wconf 84' lang='lat' dir='ltr'>perfecero.</span> <span class='ocrx_word' id='word_1_232' title='bbox 991 2481 994 2485; x_wconf 89' lang='grc'>’</span> <span class='ocrx_word' id='word_1_233' title='bbox 1042 2537 1049 2556; x_wconf 37' lang='lat'><strong>³</strong></span> 
     </span>
     <span class='ocr_line' id='line_1_32' title="bbox 132 2529 1089 2627; baseline 0.003 -13"><span class='ocrx_word' id='word_1_234' title='bbox 132 2529 198 2614; x_wconf 52' lang='grc' dir='ltr'>Ἴ</span> <span class='ocrx_word' id='word_1_235' title='bbox 244 2553 287 2612; x_wconf 83' lang='lat' dir='ltr'>Ac</span> <span class='ocrx_word' id='word_1_236' title='bbox 303 2553 370 2612; x_wconf 90' lang='lat' dir='ltr'>mihi</span> <span class='ocrx_word' id='word_1_237' title='bbox 404 2551 496 2610; x_wconf 89' lang='lat' dir='ltr'>uidem</span> <span class='ocrx_word' id='word_1_238' title='bbox 507 2549 675 2625; x_wconf 83' lang='lat' dir='ltr'>explicandae</span> <span class='ocrx_word' id='word_1_239' title='bbox 690 2549 868 2627; x_wconf 84' lang='lat' dir='ltr'>philosophiae</span> <span class='ocrx_word' id='word_1_240' title='bbox 882 2550 996 2612; x_wconf 84' lang='lat' dir='ltr'>caulam</span> <span class='ocrx_word' id='word_1_241' title='bbox 1008 2566 1089 2616; x_wconf 85' lang='lat' dir='ltr'>attu-</span> 
     </span>
     <span class='ocr_line' id='line_1_33' title="bbox 108 2569 1090 2706; baseline 0.007 -20"><span class='ocrx_word' id='word_1_242' title='bbox 108 2685 120 2706; x_wconf 31' lang='grc' dir='ltr'><em>τ</em></span> <span class='ocrx_word' id='word_1_243' title='bbox 204 2627 235 2686; x_wconf 85' lang='lat' dir='ltr'>lit</span> <span class='ocrx_word' id='word_1_244' title='bbox 249 2631 337 2702; x_wconf 85' lang='lat' dir='ltr'>gravis</span> <span class='ocrx_word' id='word_1_245' title='bbox 352 2569 425 2688; x_wconf 57' lang='lat' dir='ltr'>caius</span> <span class='ocrx_word' id='word_1_246' title='bbox 440 2627 571 2694; x_wconf 87' lang='lat' dir='ltr'>civitatis,</span> <span class='ocrx_word' id='word_1_247' title='bbox 592 2625 656 2704; x_wconf 80' lang='lat' dir='ltr'>cbrn</span> <span class='ocrx_word' id='word_1_248' title='bbox 671 2626 699 2684; x_wconf 90' lang='lat' dir='ltr'>in</span> <span class='ocrx_word' id='word_1_249' title='bbox 713 2628 794 2686; x_wconf 89' lang='lat' dir='ltr'>armis</span> <span class='ocrx_word' id='word_1_250' title='bbox 807 2625 928 2686; x_wconf 89' lang='lat' dir='ltr'>civilibus</span> <span class='ocrx_word' id='word_1_251' title='bbox 944 2647 1004 2688; x_wconf 90' lang='lat' dir='ltr'>nec</span> <span class='ocrx_word' id='word_1_252' title='bbox 1021 2645 1090 2692; x_wconf 85' lang='lat' dir='ltr'>tue·</span> 
     </span>
     <span class='ocr_line' id='line_1_34' title="bbox 204 2702 1087 2780; baseline 0.005 -18"><span class='ocrx_word' id='word_1_253' title='bbox 204 2704 228 2762; x_wconf 90' lang='lat' dir='ltr'>ti</span> <span class='ocrx_word' id='word_1_254' title='bbox 242 2710 308 2764; x_wconf 70' lang='lat' dir='ltr'>meh</span> <span class='ocrx_word' id='word_1_255' title='bbox 323 2723 402 2764; x_wconf 89' lang='lat' dir='ltr'>more</span> <span class='ocrx_word' id='word_1_256' title='bbox 417 2702 614 2780; x_wconf 83' lang='lat' dir='ltr'>rempublicam</span> <span class='ocrx_word' id='word_1_257' title='bbox 631 2744 640 2770; x_wconf 87' lang='lat'>,</span> <span class='ocrx_word' id='word_1_258' title='bbox 659 2719 712 2764; x_wconf 84' lang='lat' dir='ltr'>nec</span> <span class='ocrx_word' id='word_1_259' title='bbox 733 2703 801 2762; x_wconf 91' lang='lat' dir='ltr'>nihil</span> <span class='ocrx_word' id='word_1_260' title='bbox 820 2720 902 2778; x_wconf 88' lang='lat' dir='ltr'>agere</span> <span class='ocrx_word' id='word_1_261' title='bbox 915 2717 1062 2778; x_wconf 85' lang='lat' dir='ltr'>poteram</span> <span class='ocrx_word' id='word_1_262' title='bbox 1076 2731 1087 2778; x_wconf 86' lang='lat'>;</span> 
     </span>
    </p>

    <p class='ocr_par' dir='ltr' id='par_1_8' title="bbox 158 2778 1116 3026">
     <span class='ocr_line' id='line_1_35' title="bbox 173 2778 1116 2868; baseline 0.004 -28"><span class='ocrx_word' id='word_1_263' title='bbox 173 2792 175 2796; x_wconf 84' lang='lat'>&#39;</span> <span class='ocrx_word' id='word_1_264' title='bbox 203 2793 273 2848; x_wconf 88' lang='lat' dir='ltr'>nec,</span> <span class='ocrx_word' id='word_1_265' title='bbox 288 2781 354 2858; x_wconf 88' lang='lat' dir='ltr'>quid</span> <span class='ocrx_word' id='word_1_266' title='bbox 368 2782 474 2856; x_wconf 89' lang='lat' dir='ltr'>potius,</span> <span class='ocrx_word' id='word_1_267' title='bbox 489 2779 571 2856; x_wconf 82' lang='lat' dir='ltr'>quod</span> <span class='ocrx_word' id='word_1_268' title='bbox 585 2779 699 2856; x_wconf 90' lang='lat' dir='ltr'>quidem</span> <span class='ocrx_word' id='word_1_269' title='bbox 714 2796 760 2837; x_wconf 90' lang='lat' dir='ltr'>me</span> <span class='ocrx_word' id='word_1_270' title='bbox 774 2778 889 2854; x_wconf 84' lang='lat' dir='ltr'>dignum</span> <span class='ocrx_word' id='word_1_271' title='bbox 903 2778 993 2853; x_wconf 82' lang='lat' dir='ltr'>esset,</span> <span class='ocrx_word' id='word_1_272' title='bbox 1016 2800 1091 2868; x_wconf 79' lang='lat' dir='ltr'>age·</span> <span class='ocrx_word' id='word_1_273' title='bbox 1115 2847 1116 2854; x_wconf 15' lang='lat' dir='ltr'>p</span> 
     </span>
     <span class='ocr_line' id='line_1_36' title="bbox 203 2855 1093 2931; baseline 0.007 -15"><span class='ocrx_word' id='word_1_274' title='bbox 203 2873 280 2927; x_wconf 87' lang='lat' dir='ltr'>rent,</span> <span class='ocrx_word' id='word_1_275' title='bbox 300 2875 329 2916; x_wconf 84' lang='lat' dir='ltr'>re</span> <span class='ocrx_word' id='word_1_276' title='bbox 350 2856 477 2916; x_wconf 87' lang='lat' dir='ltr'>erlebam.</span> <span class='ocrx_word' id='word_1_277' title='bbox 515 2855 629 2914; x_wconf 89' lang='lat' dir='ltr'>Dabunt</span> <span class='ocrx_word' id='word_1_278' title='bbox 642 2856 723 2931; x_wconf 84' lang='lat' dir='ltr'>igitur</span> <span class='ocrx_word' id='word_1_279' title='bbox 743 2855 812 2914; x_wconf 87' lang='lat' dir='ltr'>mihi</span> <span class='ocrx_word' id='word_1_280' title='bbox 832 2855 946 2916; x_wconf 87' lang='lat' dir='ltr'>veniam</span> <span class='ocrx_word' id='word_1_281' title='bbox 963 2862 1033 2920; x_wconf 86' lang='lat' dir='ltr'>mei</span> <span class='ocrx_word' id='word_1_282' title='bbox 1048 2863 1093 2922; x_wconf 86' lang='lat' dir='ltr'>ci·</span> 
     </span>
     <span class='ocr_line' id='line_1_37' title="bbox 158 2876 1090 3026; baseline 0.002 -28"><span class='ocrx_word' id='word_1_283' title='bbox 158 2933 174 2998; x_wconf 69' lang='grc' dir='ltr'><em>ζ</em></span> <span class='ocrx_word' id='word_1_284' title='bbox 203 2947 269 3003; x_wconf 86' lang='lat' dir='ltr'>ves,</span> <span class='ocrx_word' id='word_1_285' title='bbox 289 2876 460 3014; x_wconf 59' lang='lat' dir='ltr'>vefgratiam</span> <span class='ocrx_word' id='word_1_286' title='bbox 473 2931 563 3008; x_wconf 71' lang='lat' dir='ltr'>potius</span> <span class='ocrx_word' id='word_1_287' title='bbox 577 2932 736 3002; x_wconf 78' lang='lat' dir='ltr'>habebunt,</span> <span class='ocrx_word' id='word_1_288' title='bbox 751 2929 854 3009; x_wconf 75' lang='lat' dir='ltr'>quod,</span> <span class='ocrx_word' id='word_1_289' title='bbox 873 2931 944 2994; x_wconf 71' lang='lat' dir='ltr'>cnm</span> <span class='ocrx_word' id='word_1_290' title='bbox 960 2933 1090 3026; x_wconf 32' lang='lat' dir='ltr'>esset-in</span> 
     </span>
    </p>

    <p class='ocr_par' dir='ltr' id='par_1_9' title="bbox 210 3031 1091 3076">
     <span class='ocr_line' id='line_1_38' title="bbox 210 3031 1091 3076; baseline 0.002 -20"><span class='ocrx_word' id='word_1_291' title='bbox 210 3049 214 3056; x_wconf 89' lang='lat'><em>.</em></span> <span class='ocrx_word' id='word_1_292' title='bbox 372 3055 374 3059; x_wconf 86' lang='grc'>,</span> <span class='ocrx_word' id='word_1_293' title='bbox 991 3031 1091 3076; x_wconf 61' lang='lat' dir='ltr'>”mm</span> 
     </span>
    </p>
   </div>
   <div class='ocr_carea' id='block_1_5' title="bbox 786 2398 1091 2476">
    <p class='ocr_par' dir='ltr' id='par_1_10' title="bbox 786 2398 1091 2476">
     <span class='ocr_line' id='line_1_39' title="bbox 786 2398 1091 2476; baseline 0.003 -19"><span class='ocrx_word' id='word_1_294' title='bbox 786 2398 860 2457; x_wconf 86' lang='lat' dir='ltr'>tretis</span> <span class='ocrx_word' id='word_1_295' title='bbox 879 2414 943 2458; x_wconf 82' lang='lat' dir='ltr'>nou</span> <span class='ocrx_word' id='word_1_296' title='bbox 966 2415 1091 2476; x_wconf 77' lang='lat' dir='ltr'>egeant.</span> 
     </span>
    </p>
   </div>
   <div class='ocr_carea' id='block_1_6' title="bbox 139 3226 1095 3548">
    <p class='ocr_par' dir='ltr' id='par_1_11' title="bbox 201 3226 1095 3417">
     <span class='ocr_line' id='line_1_40' title="bbox 233 3226 1094 3296; baseline 0.013 -23"><span class='ocrx_word' id='word_1_297' title='bbox 233 3238 255 3284; x_wconf 65' lang='grc' dir='ltr'>ς’.</span> <span class='ocrx_word' id='word_1_298' title='bbox 271 3226 449 3289; x_wconf 64' lang='lat' dir='ltr'>Qutmstpdh</span> <span class='ocrx_word' id='word_1_299' title='bbox 472 3249 498 3262; x_wconf 89' lang='lat'>·-</span> <span class='ocrx_word' id='word_1_300' title='bbox 514 3229 637 3288; x_wconf 69' lang='lat' dir='ltr'>inehararz]</span> <span class='ocrx_word' id='word_1_301' title='bbox 652 3232 687 3278; x_wconf 53' lang='lat' dir='ltr'>¹lu</span> <span class='ocrx_word' id='word_1_302' title='bbox 697 3227 766 3296; x_wconf 67' lang='lat' dir='ltr'>editis</span> <span class='ocrx_word' id='word_1_303' title='bbox 778 3228 854 3280; x_wconf 76' lang='lat' dir='ltr'>Nonii</span> <span class='ocrx_word' id='word_1_304' title='bbox 864 3227 954 3288; x_wconf 83' lang='lat' dir='ltr'>libris,</span> <span class='ocrx_word' id='word_1_305' title='bbox 1063 3233 1094 3287; x_wconf 80' lang='grc' dir='ltr'>ἰι</span> 
     </span>
     <span class='ocr_line' id='line_1_41' title="bbox 201 3287 1095 3351; baseline 0.011 -15"><span class='ocrx_word' id='word_1_306' title='bbox 201 3292 280 3339; x_wconf 82' lang='lat' dir='ltr'>Msro.</span> <span class='ocrx_word' id='word_1_307' title='bbox 293 3291 434 3348; x_wconf 69' lang='lat' dir='ltr'>harleiano,</span> <span class='ocrx_word' id='word_1_308' title='bbox 451 3289 480 3340; x_wconf 81' lang='lat' dir='ltr'>ad</span> <span class='ocrx_word' id='word_1_309' title='bbox 493 3305 577 3342; x_wconf 86' lang='lat' dir='ltr'>rocem</span> <span class='ocrx_word' id='word_1_310' title='bbox 588 3299 653 3340; x_wconf 76' lang='lat' dir='ltr'>citare</span> <span class='ocrx_word' id='word_1_311' title='bbox 667 3287 699 3340; x_wconf 86' lang='lat' dir='ltr'>ste</span> <span class='ocrx_word' id='word_1_312' title='bbox 713 3292 821 3342; x_wconf 79' lang='lat' dir='ltr'>liudatur</span> <span class='ocrx_word' id='word_1_313' title='bbox 832 3293 898 3351; x_wconf 78' lang='lat' dir='ltr'>hicce</span> <span class='ocrx_word' id='word_1_314' title='bbox 911 3293 962 3342; x_wconf 89' lang='lat' dir='ltr'>loct</span> <span class='ocrx_word' id='word_1_315' title='bbox 1062 3316 1095 3346; x_wconf 73' lang='lat' dir='ltr'>re·</span> 
     </span>
     <span class='ocr_line' id='line_1_42' title="bbox 201 3350 1091 3417; baseline 0.011 -19"><span class='ocrx_word' id='word_1_316' title='bbox 201 3361 251 3398; x_wconf 68' lang='lat' dir='ltr'>rum</span> <span class='ocrx_word' id='word_1_317' title='bbox 263 3355 360 3408; x_wconf 80' lang='lat' dir='ltr'>studium</span> <span class='ocrx_word' id='word_1_318' title='bbox 379 3350 457 3417; x_wconf 78' lang='lat' dir='ltr'>legendi</span> <span class='ocrx_word' id='word_1_319' title='bbox 471 3371 511 3402; x_wconf 81' lang='lat' dir='ltr'>non</span> <span class='ocrx_word' id='word_1_320' title='bbox 522 3355 626 3416; x_wconf 74' lang='lat' dir='ltr'>scribendi</span> <span class='ocrx_word' id='word_1_321' title='bbox 639 3355 736 3416; x_wconf 77' lang='lat' dir='ltr'>studium</span> <span class='ocrx_word' id='word_1_322' title='bbox 749 3357 893 3404; x_wconf 70' lang='lat' dir='ltr'>vehementius</span> <span class='ocrx_word' id='word_1_323' title='bbox 908 3358 981 3404; x_wconf 79' lang='lat' dir='ltr'>indies</span> <span class='ocrx_word' id='word_1_324' title='bbox 994 3363 1022 3406; x_wconf 70' lang='lat' dir='ltr'>ci</span> <span class='ocrx_word' id='word_1_325' title='bbox 1062 3375 1091 3410; x_wconf 80' lang='grc' dir='ltr'>ιι.</span> 
     </span>
    </p>

    <p class='ocr_par' dir='ltr' id='par_1_12' title="bbox 139 3416 1092 3548">
     <span class='ocr_line' id='line_1_43' title="bbox 139 3416 1092 3482; baseline 0.016 -24"><span class='ocrx_word' id='word_1_326' title='bbox 139 3464 142 3473; x_wconf 39' lang='grc' dir='ltr'>Ι</span> <span class='ocrx_word' id='word_1_327' title='bbox 200 3416 266 3477; x_wconf 70' lang='lat' dir='ltr'>Lege</span> <span class='ocrx_word' id='word_1_328' title='bbox 276 3429 345 3461; x_wconf 81' lang='lat' dir='ltr'>meum</span> <span class='ocrx_word' id='word_1_329' title='bbox 352 3419 456 3476; x_wconf 75' lang='lat' dir='ltr'>scribendi</span> <span class='ocrx_word' id='word_1_330' title='bbox 467 3420 566 3474; x_wconf 79' lang='lat' dir='ltr'>studrum</span> <span class='ocrx_word' id='word_1_331' title='bbox 588 3443 612 3452; x_wconf 48' lang='grc' dir='ltr'><strong><em>ν</em></strong></span> <span class='ocrx_word' id='word_1_332' title='bbox 627 3423 687 3467; x_wconf 78' lang='lat' dir='ltr'>citat.</span> <span class='ocrx_word' id='word_1_333' title='bbox 723 3423 807 3468; x_wconf 77' lang='lat' dir='ltr'>Verum</span> <span class='ocrx_word' id='word_1_334' title='bbox 822 3417 961 3482; x_wconf 62' lang='lat' dir='ltr'>scripulum</span> <span class='ocrx_word' id='word_1_335' title='bbox 1062 3431 1092 3473; x_wconf 71' lang='grc' dir='ltr'>ΙΙ</span> 
     </span>
     <span class='ocr_line' id='line_1_44' title="bbox 188 3473 962 3548; baseline 0.013 -22"><span class='ocrx_word' id='word_1_336' title='bbox 188 3473 368 3541; x_wconf 71' lang='lat' dir='ltr'>prafefetuns</span> <span class='ocrx_word' id='word_1_337' title='bbox 377 3479 521 3546; x_wconf 74' lang='lat' dir='ltr'>ciceronis,</span> <span class='ocrx_word' id='word_1_338' title='bbox 536 3479 651 3536; x_wconf 72' lang='lat' dir='ltr'>Noniani</span> <span class='ocrx_word' id='word_1_339' title='bbox 661 3480 787 3548; x_wconf 70' lang='lat' dir='ltr'>:achatem</span> <span class='ocrx_word' id='word_1_340' title='bbox 797 3479 889 3547; x_wconf 62' lang='lat' dir='ltr'>oensem</span> <span class='ocrx_word' id='word_1_341' title='bbox 918 3487 962 3536; x_wconf 76' lang='lat' dir='ltr'>Da</span> 
     </span>
    </p>
   </div>
   <div class='ocr_carea' id='block_1_7' title="bbox 0 0 1122 3814">
    <p class='ocr_par' dir='ltr' id='par_1_13' title="bbox 0 0 1122 3814">
     <span class='ocr_line' id='line_1_45' title="bbox 0 0 1122 3814; baseline 0 0"><span class='ocrx_word' id='word_1_342' title='bbox 0 0 1122 3814; x_wconf 95' lang='lat' dir='ltr'> </span> 
     </span>
    </p>
   </div>
  </div>
 </body>
</html>
