2234 3814
245 135 327 207 3214
408 111 974 180 DtDrvrunrrouu

246 227 394 286 suveiiem
417 227 611 302 circumjedlus
632 225 753 292 fuiiiet,
789 222 870 282 Tum
892 219 984 294 effer,
1017 221 1105 301 inqut,

243 305 383 363 ostentum
401 347 410 372 ‚
430 303 584 377 lianguem
601 302 685 360 vedis
696 297 965 374 circumplicavisieu
996 301 1104 360 Hocile

242 379 372 455 responso
388 379 447 440 latis
460 379 552 457 aperte
568 377 713 437 declaravit
729 377 826 448 ,nihil
846 375 1045 438 ⁶⁰l1abeudum
1065 375 1104 437 elle

241 469 423 532 portentum,
443 456 521 534 quod
534 455 593 514 lieri
605 455 702 530 pollet.
808 461 811 474 ¹

279 534 383 593 XXIX.
404 535 438 592 G.
460 535 679 593 Gusccuus
699 530 734 590 ad
749 529 1115 607 M.Pomponiumscriplit‚j

242 607 351 670 duobus
364 611 497 686 anguibus
511 608 591 668 domi
606 607 811 682 comprehenfis
830 649 840 677 ,
859 605 1019 682 haruspices
1040 607 1115 684 ips-3

241 698 284 744 tre
306 699 488 746 convocatos.
524 687 586 762 Qui
600 687 686 761 magis
700 685 833 759 anguibus
855 724 864 751 ,
884 682 974 758 quun
997 684 1115 753 lacertis,l

241 760 329 838 quim
343 763 487 822 muribus?
506 765 572 840 quia
583 762 645 821 suut
658 763 720 820 haec
734 759 897 837 quotidiana
911 801 921 828 ,
940 777 1046 835 angues
1058 757 1115 820 nou*

241 838 320 899 item.
339 839 500 917 quasivero
524 842 646 906 referat,
665 836 749 915 quod
765 837 823 896 fieri
844 835 959 910 potest,
981 836 1064 913 quam
1080 837 1101 896 id

242 913 315 991 saepe
330 916 386 976 fiat.
415 917 477 994 Ego
491 930 587 975 tameo
604 917 714 984 miror,
734 912 869 994 fiemiffio
883 913 1017 971 ioeminae
1026 916 1115 990 ungris

243 1007 366 1052 mortem
388 993 519 1052 afferebat
539 993 588 1052 Ti.
609 992 761 1058 Graculum
782 989 890 1048 emiffio
911 989 1011 1050 autem
1038 991 1102 1049 matis

121 1070 147 1124 t.
167 1072 196 1119 B·
241 1070 336 1144 anguis
351 1084 408 1128 erat
423 1070 565 1129 mortifera
581 1069 721 1127 Comeliae
736 1109 745 1136 ,
763 1083 812 1125 cur
826 1066 1007 1124 salterutram
1023 1067 1115 1138 emist·;

2 1194 8 1203 ,
91 1144 108 1193 7
134 1130 232 1244 ²¹¹fflg¹
242 1147 285 1202 rit.
325 1147 392 1204 nihil
408 1149 484 1205 enirn
497 1144 585 1204 scribit
600 1143 764 1220 respondisse
777 1141 930 1217 haruspices
950 1184 959 1209 ‚
981 1142 1115 1203 finemtrl

91 1201 203 1246 'mm'
226 1224 338 1296 'anguis
354 1221 464 1281 emilius
479 1219 562 1291 effer,
580 1221 648 1298 quid
662 1219 729 1280 esset
748 1221 882 1279 futurum.
922 1217 965 1277 At
986 1237 1059 1279 mors
1070 1221 1102 1280 iu·

241 1296 336 1356 secuta
352 1301 511 1360 Gracchum
538 1298 583 1358 est.
624 1297 711 1356 Causa
732 1296 872 1373 quidem,
891 1295 980 1354 credo
998 1340 1008 1366 ,
1027 1298 1099 1374 aliqua

241 1376 334 1434 morbi
348 1377 496 1450 gravioris,
516 1393 575 1434 non
591 1374 736 1434 emiffione
749 1373 887 1448 serpentis.
926 1390 1022 1450 neque
1039 1375 1098 1433 enim

110 1513 117 1524 q
241 1462 316 1508 tanta
331 1451 369 1509 est
383 1437 526 1512 infelicitas
541 1450 711 1527 haruspicum
726 1493 735 1519 ‚
757 1463 838 1508 utne
854 1447 916 1507 casu
930 1451 1048 1525 quidem
1060 1468 1098 1510 uu·

210 1552 214 1558 ·
240 1543 326 1602 quarn
341 1527 406 1616 fiat,
425 1527 504 1615 quod
518 1530 643 1587 futurum
657 1529 695 1586 illi
708 1525 762 1586 elle
777 1526 902 1585 dixerint.

194 1603 1098 1757 ⁶³1l„lu1{lllllllnllzltzttnllldnltllllf

227 1756 289 1832 jani
311 1775 398 1817 annos
419 1770 606 1832 auguratum:
634 1757 668 1816 de
689 1759 766 1834 cujus
787 1756 948 1832 conjediura
969 1757 1008 1818 stc
1036 1755 1113 1834 apud*

159 1859 164 1862 ·
231 1834 414 1906 Homerum,
434 1849 464 1894 ut
479 1853 530 1894 uos
545 1832 840 1903 otioficonvertimus,
859 1832 1094 1912 ⁶¹loquiturllga·

232 1927 387 1973 memnon:
1046 1939 1049 1944 ·

270 2021 361 2087 XXX.
381 2026 455 2089 Fuit
466 2041 510 2081 τε
524 2022 580 2080 viri
596 2066 605 2092 ‚
624 2038 657 2084 (θ’
672 2024 748 2083 duros
761 2023 850 2082 animo
866 2021 976 2080 tolerate
990 2019 1093 2088 iabores,

309 2101 429 2176 Auguris
444 2115 475 2158 ur
491 2099 569 2172 nollri
582 2101 736 2160 Calchantis
743 2104 810 2172 fara
825 2117 952 2178 queamus

307 2179 391 2246 Scire,
413 2193 516 2235 ratosne
531 2176 663 2245 habeant,
683 2197 720 2234 an
734 2179 818 2235 vuuos
828 2175 937 2252 pudioris
949 2175 1031 2251 orsus.

307 2262 432 2332 Namque
445 2274 531 2310 omnes
546 2255 654 2310 memori
665 2268 815 2330 portentum
829 2268 914 2310 monte
930 2266 1076 2320 retentant,

307 2330 365 2404 Qui
380 2349 432 2385 non
438 2327 549 2401 funestis
563 2329 698 2405 liquerunt
713 2329 816 2386 lumina
824 2329 902 2400 fatis.

303 2404 432 2478 Argolicis
443 2405 562 2482 primum
574 2419 606 2461 ur
623 2407 716 2478 vestitu
732 2405 765 2473 eli
782 2403 895 2477 cluffllur
912 2404 1013 2474 Aulis,

305 2484 370 2558 Qu
385 2481 491 2540 Priamo
504 2481 623 2553 uadem,
644 2501 678 2546 <o
693 2484 769 2559 Troju
783 2524 792 2552 ‚
809 2481 1086 2560 pestemqueserebautr

1044 2563 1087 2614 llos
1097 2608 1101 2617 .

257 2729 294 2769 59.
312 2715 391 2761 Vellem
402 2714 566 2776 circumfluus]
586 2713 622 2762 Sic
637 2713 695 2763 Pall.
708 2714 733 2762 de
744 2713 888 2763 Vii’roriuna.
899 2709 1089 2774 vulgaturum.

227 2779 307 2826 vellus.
334 2775 464 2826 Lambinus
469 2813 477 2837 ,
491 2781 654 2836 circumirem,
669 2771 775 2842 fingebat
787 2773 931 2824 Gulielmius
940 2776 1088 2838 tirou-plexu.

81 2873 84 2880 ‚
227 2842 323 2888 Gruter.

184 2931 186 2936 ·
259 2911 296 2953 60.
315 2903 440 2950 Habonium
456 2902 645 2964 effeqortenrum,
660 2901 872 2965 quod'fieripoffet.]
900 2903 990 2950 urerer
999 2895 1086 2948 Codice!

226 2963 320 3014 nostros
334 2964 460 3026 editosque
470 2979 561 3014 ceteros
573 2972 621 3015 Pet.
633 2965 750 3014 vidiorius
761 2965 826 3013 dedit
838 2999 846 3020 ,
859 2965 979 3012 habendum
990 2955 1088 3024 estqui
1108 3002 1109 3005 ,

220 3029 276 3090 fieri
286 3028 363 3098 poffer,
380 3028 495 3087 ostentum
512 3029 578 3092 quod
589 3045 639 3076 nou
650 3026 699 3076 fine
708 3028 773 3076 libris
788 3026 878 3076 sudium
892 3026 970 3076 videti
984 3025 1039 3060 Μ*
1051 3021 1086 3069 ln·

224 3093 312 3156 gularis
323 3089 450 3141 douiffimt
460 3092 502 3140 viri
514 3092 573 3141 fides
584 3095 608 3141 δι
620 3092 752 3154 diligentia.
785 3092 867 3150 Duois.

231 3180 233 3184 ·
259 3164 296 3204 61.
313 3159 420 3221 Loquitur
431 3161 603 3218 ulgaormmou]
623 3161 703 3204 Immo
714 3151 813 3228 Ulylles.
831 3153 956 3202 Ciceronis
971 3171 998 3210 μ,
1066 3145 1086 3194 rit

227 3218 360 3275 bunuorum
372 3253 379 3273 ,
395 3219 461 3281 quod
471 3219 486 3268 ὲ
498 3219 617 3267 Polirluno
627 3220 703 3281 priore
714 3213 903 3278 animadversum
914 3213 971 3264 elle.
988 3229 1018 3262 cu
1066 3219 1086 3256 m

230 3281 279 3328 haec
290 3275 436 3344 sc'rlpsrllem
453 3280 482 3329 ab
494 3283 573 3330 amico
584 3281 689 3344 quodam
700 3279 837 3328 admonitus
848 3277 906 3328 sum.
928 3284 1014 3340 ltaque
1066 3281 1086 3319 ue

229 3345 366 3400 uolueram3
384 3359 440 3392 narn
453 3343 543 3408 pudet,
559 3357 611 3407 quae
626 3343 655 3393 ab
667 3345 718 3392 aliis
733 3343 797 3391 uitta
812 3341 878 3400 sunt,
894 3353 1014 3391 recantare
1066 3329 1086 3381 od

229 3417 352 3478 propterea
364 3407 429 3472 quod
439 3409 531 3459 numeri
541 3409 590 3471 iam
601 3420 667 3460 eraut
677 3406 803 3472 utrobique
812 3403 934 3471 adscripti,
948 3418 990 3453 nor
1072 3395 1084 3444 ἰ
1111 3445 1115 3470 4,

220 3512 224 3518 .
232 3470 331 3519 Lambris.

986 3547 990 3580 r
1066 3535 1084 3572 l!
