2234 3814
181 118 899 211 brunesteounos.3201

30 240 60 289 ut
73 223 102 290 se
115 242 175 291 exta
190 231 224 293 ad
239 231 425 308 immolatoris
436 236 576 292 fortunam
585 233 827 294 accommodent?
843 249 903 292 non
969 255 976 265 ¹

28 307 172 384 perspicitis
190 352 198 376 ,
218 311 309 384 aleam
337 310 475 385 quandam
498 306 583 370 inesse
612 312 704 372 hollils
727 312 903 388 deligendis,

26 384 175 458 praesertim
200 385 266 454 hum
288 404 330 446 res
351 385 405 462 ipsa
427 387 556 446 doceat?
577 387 641 447 chm
668 390 743 448 enim
758 389 902 448 trilliffima

25 473 88 519 enta
102 461 160 521 sme
174 465 264 538 capite
288 466 425 533 suerunt,
445 465 543 542 quibus
566 464 633 523 nihil
653 466 763 524 videtur
784 463 837 524 elle
859 465 902 524 di·

23 537 100 606 tius,
121 541 252 616 proxima
279 540 365 599 hollia
387 539 478 600 litatur
499 539 571 615 saepd
592 542 765 616 pulcerrime.
807 554 832 596 3¹
847 541 902 600 Ubi

23 614 106 688 igitur
128 617 185 674 illae
206 617 291 675 minae
312 617 483 692 superiorum
505 616 664 676 extorum?
690 630 739 678 aut
758 635 823 696 quae
843 631 898 679 tam
912 647 929 700 k
945 643 1019 700 suffit,
1052 656 1055 661 -

20 687 137 750 ksubito
153 693 224 752 sadra
239 693 276 752 est
290 693 408 752 deorum
424 705 498 754 tanta
511 693 651 770 placatio?
913 715 957 760 arn·

57 768 145 827 XVI.
165 770 237 830 Sto
258 769 354 840 affert,
373 772 402 828 in
416 773 486 831 tauri
508 772 688 846 opimitextis
707 813 714 838 ,
733 771 899 832 immolante
928 781 951 829 t.
968 777 1055 827 cxvi.

22 843 154 916 Caesare,
175 863 224 906 cor
239 865 298 906 non
315 846 411 906 suisset
431 849 459 908 id
474 849 538 924 quia
553 865 612 906 non
627 849 750 924 potuerit
763 847 899 916 accidere,

22 932 53 978 ut
66 921 130 980 fine
146 924 230 984 corde
243 923 357 984 victima
371 924 415 982 illa
431 926 554 994 viveret,
571 925 754 1000 judicandum
770 921 823 983 elle
839 936 899 982 tum

22 997 148 1058 interisse
161 1019 228 1071 cor,
249 1001 314 1061 cum
335 1001 535 1062 immolaretur.
574 1001 637 1078 Qui
659 1001 690 1060 fit
706 1043 714 1070 ,
733 1015 764 1058 ut
783 1002 898 1060 alterum
916 1004 949 1068 37
1033 1022 1036 1026 ·

21 1072 177 1151 intelligas,
198 1077 257 1138 fine
269 1079 355 1138 corde
370 1097 430 1138 non
445 1077 562 1155 potuisse
575 1079 679 1138 bovem
695 1081 790 1138 vivere
806 1097 813 1137 ε
835 1077 902 1135 alte·

22 1167 84 1210 rum
103 1171 165 1212 non
180 1155 296 1225 videas,
329 1173 379 1214 cor
399 1154 487 1216 subith
509 1175 568 1216 non
589 1153 707 1232 potuisse
728 1152 901 1232 nescioquo

23 1228 161 1289 avolare?
181 1234 324 1308 egoenim
341 1229 449 1308 polium
464 1233 510 1292 vel
524 1233 643 1302 nescire,
664 1233 784 1312 quovis
798 1231 902 1291 srtcor·
925 1279 933 1291 .

1 1369 2 1374 η
23 1303 62 1364 dis
77 1305 116 1364 ad
131 1307 306 1380 vivendum,
327 1310 370 1368 vel
384 1309 524 1386 suspicari,
544 1311 706 1370 contactum
722 1309 816 1387 aliquo
825 1324 904 1367 mor·

21 1379 80 1450 ho,
102 1383 207 1455 boris,
228 1387 328 1456 exile,
363 1388 393 1445 dc
412 1389 568 1462 exiguum,
590 1389 619 1444 dc
642 1388 747 1446 vietum
771 1403 844 1456 cor,
871 1385 902 1445 dc

1 1511 2 1514 ,
24 1457 155 1518 diffimile
169 1463 258 1522 cordis
274 1461 361 1522 fuisse.
399 1463 449 1522 Tu
464 1461 532 1522 veru
546 1461 614 1539 quid
628 1465 727 1533 habes,
747 1479 832 1539 quare
850 1479 904 1538 pu·

1 1553 2 1562 ¹
25 1545 89 1604 tes,
111 1535 235 1612 lipaullo
250 1539 314 1598 anth
329 1559 379 1600 cor
393 1541 473 1598 fuerit
486 1541 515 1598 in
528 1551 607 1599 tauro
622 1542 721 1616 opimo
736 1538 752 1610 ,'
766 1538 854 1598 subito
869 1538 899 1598 id

1 1616 6 1650 ¹
26 1613 58 1670 in
72 1612 130 1688 ipsa
144 1613 337 1676 immolatione
350 1614 489 1676 interisse?
509 1633 562 1686 an,
581 1615 659 1693 quhd
674 1616 795 1692 adspexit
803 1615 902 1676 vestitu

1 1710 2 1713 ¹
22 1705 169 1764 purpureo
182 1694 335 1754 excordem
354 1694 512 1763 Caesarem,
532 1693 586 1770 ipse
602 1693 686 1752 corde
708 1695 828 1770 privatus
843 1690 914 1751 ests.

1 1823 5 1849 Ι,
23 1767 136 1826 Urbem
151 1769 350 1846 philosophiae,
370 1769 557 1838 mihicrede,
576 1769 706 1845 proditis,
723 1769 790 1828 dum
799 1769 904 1828 castella

23 1841 186 1922 defenditis.
218 1848 318 1917 -Natn,
338 1849 406 1908 dum
422 1847 620 1922 haruspicinam
636 1863 730 1915 veram
746 1843 799 1904 elle
809 1845 903 1914 vultis,

1 1915 231 1998 lphyliologiam
252 1937 342 1983 totam
384 1925 524 1984 ervertitis.
563 1925 655 1998 Caput
681 1923 719 1980 est
739 1923 768 1980 in
786 1922 902 1998 jecore,
949 1929 953 1935 '

22 1999 121 2057 corin
136 2001 221 2059 extit:
238 2001 296 2076 jam
322 1943 464 2070 abderet,
486 1998 604 2058 3²srmul
627 2012 659 2057 ac
682 1999 788 2057 molam
817 2001 845 2058 δι
861 1999 905 2056 vi·
963 2029 982 2042 -

22 2092 100 2133 num
117 2074 277 2152 insperseris.
296 2079 363 2136 deus
381 2079 411 2138 id
433 2077 554 2152 eripiet,
575 2077 614 2134 vis
634 2076 725 2152 aliqua
746 2075 902 2144 conficiet,

20 2165 74 2212 aut
90 2152 200 2212 credet.
240 2156 308 2214 Non
323 2171 389 2228 ergo
406 2155 536 2213 omnium
563 2153 687 2211 interitus
714 2164 797 2229 atque
812 2153 903 2211 obitus

1 2239 3 2290 ἲ
20 2241 124 2292 natura
140 2229 287 2292 conficiet:
309 2231 339 2290 &
354 2232 404 2290 etit
417 2231 518 2308 aliquid
528 2229 621 2307 ,quod
634 2241 681 2292 aut
695 2247 731 2288 er
745 2230 831 2292 nihilo
847 2229 904 2288 ori·

1 2309 111 2374 latur,
131 2309 221 2372 autin
242 2307 359 2368 nihilum
381 2307 468 2366 subith
491 2308 609 2369 occidat.
648 2308 719 2382 Quis
733 2308 790 2374 hoc
811 2302 903 2382 physi-

1 2399 75 2442 *cus
107 2383 177 2443 dixit
207 2383 372 2461 umquam?
405 2384 564 2460 haruspices
583 2383 687 2444 dicunt.
726 2383 778 2444 Hie
806 2386 905 2458 igitur,

1 2464 2 2477 ¹
19 2458 116 2538 quam
131 2461 265 2536 physrcis‚
286 2461 377 2538 potlhu
390 2461 561 2522 credendum
577 2460 733 2520 existimas?
942 2472 943 2476 ’

63 2537 163 2598 XVII.
182 2541 292 2614 Quru
313 2537 389 2598 ehu
416 2537 610 2612 pluribus.1dlis
632 2539 817 2602 immolatur,
850 2533 902 2612 qul
917 2531 953 2610 38

1 2613 143 2675 :tandem
160 2619 273 2686 evenit,
292 2629 323 2674 ut
335 2617 428 2678 litetur
442 2615 499 2676 aliis
515 2657 523 2684 ‚
542 2615 598 2674 aliis
615 2633 677 2687 non
698 2615 788 2676 litetur
806 2611 816 2668 ἓ
837 2631 902 2688 quae

1 2705 125 2752 ¹autent
148 2689 343 2754 ¹inconstantia
361 2692 481 2752 deorum
502 2689 567 2761 est,
587 2702 618 2748 ut
640 2691 734 2765 primic
761 2689 923 2748 minentur!
941 2698 1008 2738 ἴδητ’

816 2765 1024 2866 11

1 2977 2 2999 ³
19 2967 127 3020 deemnr
142 2969 184 3032 qui
193 2969 350 3023 contendant.
383 2973 464 3030 Quum
480 2978 562 3016 tamen
580 2966 628 3017 lraee
644 2969 747 3018 curarint
755 2967 901 3034 haruspices,
995 2989 998 2999 s

1 3025 186 3082 linvmrnmirt
199 3034 348 3096 reposuerim.
381 3035 463 3092 Davus

57 3108 98 3150 3t.
115 3095 162 3142 vbi
173 3100 241 3158 igirm
250 3100 293 3144 illa
304 3100 367 3142 mina
376 3096 510 3157 superiorum
521 3099 638 3140 extorum?
654 3105 693 3142 aut
704 3110 748 3155 qua
760 3106 806 3140 tam
813 3093 908 3152 satira]

1 3146 51 3206 'lu
66 3157 169 3222 vulgatis
180 3157 244 3212 deest
255 3173 304 3209 vox
315 3156 429 3214 secunda,
446 3171 521 3222 quam
534 3157 672 3205 obtulmnt
689 3161 749 3219 Reg.
766 3159 790 3204 ἃ
801 3157 852 3204 Bal.
866 3169 906 3203 er·

1 3232 75 3284 tque
85 3234 193 3284 recepta,
209 3225 314 3278 melina,
330 3235 355 3270 ut
366 3237 383 3268 o
400 3224 467 3277 inor,
484 3222 632 3268 connehlitur
648 3223 734 3268 oratio.
766 3217 859 3268 Deinde
871 3220 907 3267 le-

14 3283 117 3346 gerim,
132 3299 172 3333 m
181 3290 221 3350 qul
231 3288 277 3334 tatis
284 3286 357 3345 subito
383 3289 430 3332 acta
441 3285 468 3346 est
479 3289 574 3331 omum
586 3295 645 3328 tanta
660 3286 754 3344 placatio
768 3291 778 3330 s
796 3297 821 3332 ut
833 3285 908 3332 tatio·

1 3359 85 3396 ‘nem
94 3360 197 3410 quartat,
213 3351 329 3412 obquarn
343 3349 383 3396 Dil
395 3362 446 3398 tarn
458 3347 537 3397 subito
566 3345 710 3392 latabantur.
745 3347 820 3396 tdemr'

57 3423 95 3464 32.
111 3414 187 3459 Simul
198 3427 222 3460 aa
236 3415 318 3460 malm
334 3413 361 3463 dr
373 3417 453 3460 vinum
473 3361 613 3473 insperserit]
644 3407 818 3475 Manttsctiptus
834 3406 907 3459 babet

1 3471 89 3533 fimus
99 3491 124 3523 aa
135 3477 236 3534 molam,
253 3478 413 3538 immolamur
428 3477 506 3523 vinum
517 3471 643 3536 insperseris.
661 3470 738 3526 Urfirr.
882 3472 918 3578 ὃ]

456 3541 556 3585 Tarrrr
571 3547 640 3584 trra
826 3542 865 3588 ³³.
900 3549 910 3578 ⁸
