2268 3846
169 111 411 202 'Lrnnn
454 115 793 200 Saenianus.
862 128 944 210 2963

88 247 137 300 non
155 253 183 302 ut
206 245 261 322 ipse
283 241 408 322 teperiffe
429 245 563 305 videatur.
601 245 628 302 Si
650 245 750 313 enirn,
770 243 885 320 inquit,
906 239 945 298 est

87 317 174 392 aliquid
189 323 218 379 in
241 339 333 380 rerum
355 335 474 390 natura,
493 319 570 396 quod
593 320 714 381 hominis
742 335 844 388 mens,
864 313 944 396 qnod

82 395 167 465 ratio,
186 399 266 474 quod
289 400 352 468 vis,
372 397 449 473 quod
471 397 586 472 potestas
607 398 729 455 hnmana
751 395 861 456 efficere
880 411 942 454 non

15 459 22 503 ⁸·
78 469 168 542 poffit:
187 475 227 532 est
241 473 374 544 condid,
396 471 473 549 quod
487 471 553 532 illud
570 473 677 542 efficit,
703 473 820 532 homine
835 471 948 554 melius.¹

15 559 18 622 j
77 546 159 622 Atqui
171 567 214 609 res
240 550 384 618 caelestes,
416 565 652 628 omnesqueeae‚
685 566 801 625 quarum
817 548 855 607 est
869 547 942 634 ordo

76 619 249 699 sempiternus
267 667 276 696 ‚
296 629 329 686 ab
345 626 462 685 homine
477 625 579 684 confici
593 642 651 684 non
665 623 784 700 poffunt.
808 624 847 684 est
859 625 943 700 igitur

77 698 121 768 id,
138 719 196 778 quo
209 703 253 762 iila
266 701 476 770 conficiuntur,
502 703 620 762 homine
642 701 749 762 melius.
788 702 821 760 ld
845 713 941 760 antem

77 776 139 907 guid
151 779 250 853 'potius
273 778 371 840 dixeris
390 778 477 854 qo‘arn
503 775 617 837 deum?
645 780 750 836 etenim
779 778 799 837 st
820 776 858 836 dii
874 779 942 836 ‘non

89 863 147 922 unt,
165 856 233 930 quid
247 853 301 914 effe
315 855 404 932 potest
417 857 445 914 in
459 873 551 914 rerum
573 865 669 913 natura
689 854 808 914 homine
821 851 941 912 melius?

76 926 101 984 in
115 947 149 988 eo
162 935 238 990 enim
248 931 315 990 solo
330 933 400 990 ratio
415 931 471 1000 est,
490 931 545 1009 qud
558 929 626 990 nihil
640 930 728 1004 potest
742 927 939 1020 esse-praestan·

15 1055 16 1068 ,
74 994 131 1064 uun
165 1007 228 1066 Effe
240 1021 334 1067 aurem
350 1009 515 1077 hominem,
535 1007 584 1083 qui
597 1005 707 1068 nihiliu
728 1023 809 1067 omnr
831 1005 939 1064 mundo

15 1157 23 1424 i

15 1693 19 1736 i

75 1081 164 1143 melius
185 1084 241 1144 effe
267 1084 353 1161 quim
368 1083 395 1143 se
409 1095 512 1160 putet,
533 1081 688 1159 desipientis
706 1083 870 1164 arrogantiae
890 1082 939 1141 est.

76 1153 109 1213 Er
125 1175 143 1215 o
158 1160 195 1218 est
210 1161 316 1240 aliquid
328 1161 433 1220 melius.
528 1209 532 1215 ,

106 1174 150 1294 dn
164 1239 249 1314 igitur
263 1237 392 1313 profedb
408 1237 484 1298 deus.
522 1238 569 1296 An
582 1236 651 1298 verb
668 1281 676 1308 ,
696 1237 716 1296 fi
736 1237 855 1298 domum
875 1251 934 1296 ana·
947 1260 981 1318 η

70 1321 146 1382 gnam
172 1315 356 1390 pulcramque
379 1315 507 1383 videris,
550 1334 610 1375 non
631 1315 712 1392 poffis
732 1315 861 1384 adduci,
887 1325 935 1380 ut.

72 1385 148 1446 eriam
169 1390 189 1448 fi
212 1390 364 1448 dominum
393 1407 452 1450 non
472 1392 589 1460 videat,
631 1403 661 1448 3⁰
669 1393 791 1452 muribus
812 1392 886 1451 iiiam
907 1393 938 1450 dc

74 1463 182 1524 mustelis
196 1465 365 1526 aedificatam
379 1478 473 1540 putes:
493 1480 602 1527 tantum
616 1467 686 1527 verb
707 1479 837 1528 ornatum
852 1487 936 1528 mun·

75 1535 114 1605 di,
131 1551 237 1602 tantam
257 1544 422 1602 varietatem
451 1543 719 1622 pulcritudinemque
740 1563 832 1604 rernm
853 1545 936 1604 caele·

71 1609 166 1687 stium,
201 1631 310 1678 tantam
334 1622 392 1679 viro
420 1619 449 1678 ἃ
471 1621 692 1696 magnitudinem
724 1624 805 1682 marie
850 1637 934 1698 atque
975 1631 1001 1682 r.
1021 1636 1048 1684 n.

70 1699 222 1764 terrarum,
242 1695 263 1754 fi
283 1707 363 1754 tuum
389 1713 423 1754 ac
444 1713 502 1755 non
524 1697 642 1757 deorum
664 1699 864 1758 immortalium
881 1699 934 1758 do·

69 1767 198 1830 micilinrn
214 1783 312 1845 putes,
331 1791 428 1832 nonne
442 1771 521 1849 piane
536 1773 658 1850 desipere
671 1773 785 1836 videare
800 1774 812 1834 ?
834 1777 881 1834 An
894 1793 932 1835 ne
1014 1783 1023 1802 ⁹

68 1840 118 1902 hoc
131 1848 250 1923 quidem
262 1848 462 1924 inteiiigirnus‚
489 1852 586 1910 omnia
606 1849 699 1925 supera
719 1849 773 1908 effe
795 1850 932 1910 meliora?

67 1929 159 1984 tenant
174 1935 273 1984 autem
288 1923 342 1984 effe
355 1925 498 1995 infimam,
517 1944 601 2003 quarn
611 1926 779 1986 ctaffiffimus
792 1929 956 1994 ‹terreum-n
974 1932 1073 2009 circata·

67 1996 159 2058 fundat
172 2000 244 2060 a'e'r?
264 2013 295 2059 ut
309 2001 346 2060 ob
361 2020 421 2060 eam
435 2001 520 2077 ipsam
534 2003 661 2070 causam,
678 2003 756 2080 quod
770 2004 853 2062 etiarn
870 2007 929 2092 qui·
940 1995 981 2046 ⁶³²
998 1997 1081 2057 Davus.

66 2069 174 2134 busdam
200 2077 356 2151 regionibus
388 2091 470 2154 atque
486 2077 594 2137 urbibus
608 2081 771 2154 contingere
784 2077 930 2150 videmus,

15 2171 17 2206 r
65 2145 203 2211 hebetiora
217 2166 248 2220 ut
261 2153 312 2212 smt
325 2150 475 2212 hominum
491 2156 601 2230 ingenia
616 2167 728 2230 propter
742 2155 803 2214 caeli
824 2155 933 2231 plenio-

64 2241 118 2284 rem
132 2241 262 2292 naturam
271 2231 344 2304 ,hoc
357 2231 431 2292 idem
443 2235 538 2305 generi
550 2233 675 2298 humano
691 2233 831 2301 evenerit,
851 2233 930 2309 quod

15 2303 17 2388 j
66 2301 191 2435 {dsoem'
211 2305 268 2364 hoe
282 2307 374 2376 est,in
387 2305 540 2366 crassiffi'ma
554 2311 668 2384 regione
683 2309 780 2373 mundi
791 2309 931 2379 ,colloca-

106 2394 152 2440 int.

15 2461 17 2520 J
98 2455 244 2517 Ettamen
257 2477 291 2518 ex
305 2459 360 2534 ipsa
373 2460 649 2524 horninumsoilettia
663 2458 715 2520 eise
723 2461 842 2539 aliquam
852 2473 978 2532 men-18

66 2539 134 2602 tem,
154 2537 185 2594 δι
211 2553 272 2593 eam
295 2537 408 2612 quidem
425 2540 559 2596 acriorem
581 2537 760 2606 ardinnam,
778 2537 933 2605 existimare

66 2605 204 2682 debemus)
243 2612 327 2671 Unde
353 2615 429 2674 enim
459 2615 531 2672 hanc
553 2613 814 2688 homossarripuit?
841 2628 872 2673 ut
894 2617 932 2674 ait

15 2729 16 2750 r
66 2687 171 2762 ³¹apud
185 2688 407 2765 Xenophontem
421 2689 555 2754 Socrates.
592 2691 672 2765 Quin
688 2692 718 2748 br
731 2692 932 2761 humorem&
966 2692 972 2713 ¹

883 2788 930 2829 Ca·
955 2823 958 2826 .

15 2973 16 3018 j
89 2969 300 3022 ”flambertum
310 2973 337 3025 da·
348 2971 461 3032 marstem]
479 2979 516 3023 Ita
532 2975 591 3024 rau.
608 2977 633 3026 δι
648 2975 747 3026 vidoni
757 2977 838 3030 editio.
862 2980 928 3038 arie,

61 3043 67 3073 a
101 3030 112 3040 ”
123 3034 167 3082 llis.
186 3032 252 3095 quod
262 3035 350 3096 placuit
360 3027 506 3092 Gulielmio,
518 3041 629 3103 capitque
640 3055 685 3103 pro
694 3041 793 3089 mandris
799 3043 929 3108 speffrisqua

60 3103 67 3150 ι
123 3096 191 3151 trufis:
208 3094 271 3144 unde
281 3098 357 3148 Plauti
368 3099 512 3158 Mostellaria.
528 3115 553 3150 at
569 3116 617 3166 ego
628 3105 759 3166 acceperim
771 3117 814 3167 pro
825 3106 929 3156 animal·

15 3163 17 3218 ξ
63 3167 67 3198 r
128 3158 151 3206 in
164 3157 274 3206 domibus
286 3160 453 3212 oberrantibus.
487 3168 575 3214 Gruter.
678 3204 682 3209 .

15 3531 18 3580 i

123 3253 127 3267 .
144 3223 217 3286 V{parad
229 3225 384 3286 Xenophontem
395 3227 510 3284 Socraten]
537 3225 628 3278 Marsua
639 3226 696 3276 dicit
708 3228 733 3276 in
751 3227 929 3282 commentariis
1001 3280 1005 3289 ,

127 3281 170 3336 dfe.
204 3285 337 3348 Sicopin‘or
354 3287 386 3334 nni
403 3291 631 3346 αἰτομικμοιιύμιτα
645 3291 773 3344 nominat,
796 3291 839 3342 τᾶν
854 3295 931 3346 daran·
1001 3292 1006 3308 ¹

127 3363 164 3394 rur
180 3345 286 3397 fortaffis
309 3349 407 3398 nomine
429 3351 575 3403 admonitus.
609 3357 636 3400 ln
657 3365 740 3402 eorum
757 3347 821 3402 enim
849 3371 868 3406 r.
885 3359 927 3407 iib.

127 3419 165 3456 uer
175 3409 286 3474 preclare
298 3411 328 3460 de
342 3411 491 3475 providentia
504 3416 550 3464 Dei
565 3413 654 3474 diderit
668 3449 676 3471 ,
701 3423 802 3480 eantque
819 3419 931 3468 intentis

123 3481 165 3522 ωε
180 3472 370 3540 prestantiaper
387 3477 505 3589 anarograj
520 3489 687 3589 αιὲἓπῗὲτὲυηι
705 3479 929 3548 Aristodemnrnon

416 3542 484 3588 bd
520 3543 534 3589 d
665 3556 676 3597 ³
903 3543 941 3590 in·
