2210 3802
225 109 310 182 3250
379 87 943 158 DnDrvrsrauroue

227 218 288 266 tum
304 205 359 267 effe
372 207 474 266 miror:
494 206 561 281 qui,
581 204 646 264 cium
661 206 849 277 Ptolemaeus,
868 206 1008 268 familiaris
1022 206 1102 284 ejus}

90 312 94 322 ·
109 295 135 350 r.
155 297 183 350 B.
227 284 256 343 in
273 285 372 358 proeiio
387 281 444 343 telo
459 295 600 341 venenato
614 283 684 342 isus
696 281 780 352 effer,
801 301 895 360 eoque
908 283 1027 344 vulnere
1034 285 1104 346 sumz

67 355 74 364 '
226 377 278 418 mo
293 379 358 420 cum
375 359 472 420 dolore
487 369 641 426 moreretur
646 381 656 426 ;
677 359 837 420 Alexander
852 358 984 430 affidens,
1003 361 1099 422 somno

182 463 195 500 s
226 433 264 494 est
280 437 447 512 consopitus.
486 435 566 494 Tum
587 434 737 494 secundum
757 437 884 512 quietern
906 437 977 495 visus
997 439 1028 498 ci
1042 437 1101 496 dici·

225 523 271 570 tur
291 513 375 570 draco
391 515 435 582 is,
454 530 540 588 quem
555 524 643 570 mater
657 513 805 588 Olympias
821 512 933 582 alebat,
954 514 1099 590 radiculam

227 605 279 649 ore
308 590 379 647 ferre
405 591 435 646 &
461 588 541 647 fimui
564 588 679 658 dicere,
699 606 758 665 quo
778 587 823 646 illa
843 589 902 648 ioci
922 589 1099 660 nasceretur,

128 711 131 718 ,
226 669 332 741 (neque
347 667 367 726 is
382 663 466 739 longe
480 666 572 722 aberat
585 665 618 723 ab
632 681 669 725 co
682 665 762 737 loco)
782 665 841 741 ejus
862 676 961 724 autem
976 663 1033 726 esse
1044 667 1099 728 um

225 753 349 810 tantam,
369 752 400 800 ut
414 742 598 800 Ptolemaeum
615 740 694 800 facile
708 741 822 800 sanaret.
849 741 925 799 Cum
941 743 1098 802 Alexander

226 817 400 894 experresus
415 815 541 877 narraiiet
555 818 649 878 amicis
664 817 821 888 somnium,
841 815 961 876 emisriie
974 821 1024 894 qui
1031 821 1101 880 iliam

226 895 376 955 radiculam
391 907 556 972 quaererent.
594 892 649 969 qus
668 892 805 963 inventi,
835 894 1089 956 &Ptolemaeusia

226 983 305 1106 naltus
320 971 435 1105 dicitur,
456 973 485 1030 dc
500 967 579 1030 multi
587 970 705 1041 milites,
724 971 773 1048 qui
788 985 866 1030 erant
881 971 990 1032 eodem
1003 989 1101 1049 genere

225 1058 273 1105 ter
289 1065 325 1104 vu
337 1049 433 1107 necati.
670 1095 674 1100 .
971 1069 974 1088 ·

165 1131 219 1206 136
265 1124 356 1184 Multa
378 1128 460 1198 etiam
481 1123 542 1184 sunt
561 1120 578 1182 d
600 1135 628 1183 te
652 1141 687 1182 ex
705 1121 821 1184 historiis
847 1125 954 1200 prolata
979 1125 1097 1198 somnia,

224 1201 317 1260 matris
344 1201 513 1270 Phalaridis,
547 1201 615 1277 Cyri
635 1199 801 1276 superioris,
829 1203 924 1261 matris
952 1203 1097 1280 Dionysii,

78 1341 79 1344 Ἴ
221 1276 303 1335 Poeni
318 1275 505 1347 Hamilcaris,
527 1276 667 1336 Annibalis
690 1318 698 1345 ,
724 1276 754 1336 P.
777 1277 881 1336 Decii:
905 1280 1095 1355 perungatur

76 1375 93 1412 v
108 1359 199 1426 presul·
221 1353 280 1428 jam
296 1353 362 1413 iilud
376 1354 556 1430 de'praesule
572 1373 579 1412 ε
607 1355 726 1413 Gracchi
740 1353 824 1412 etiam
841 1373 849 1412 e
877 1356 908 1414 δι
923 1372 1024 1416 recens
1037 1357 1094 1416 Cae·

76 1437 130 1501 19¹⁶
140 1428 190 1476 arti.
227 1430 315 1500 ciliae,
335 1429 467 1491 Balearici
480 1430 563 1499 iiliae,
580 1431 731 1490 somnium.
765 1429 819 1489 Sed
833 1431 897 1490 haec
911 1443 1047 1502 externa,
1063 1431 1094 1494 ab

226 1523 346 1584 eamque
361 1508 467 1568 causam
482 1509 578 1582 ignota
591 1507 670 1567 nobis
683 1507 760 1567 sunt:
780 1508 915 1566 nonnulla
936 1511 1025 1568 etiam
1038 1509 1093 1570 fisa

224 1583 343 1644 fortasse.
382 1584 442 1660 quis
456 1587 533 1643 enim
548 1584 645 1644 audior
657 1583 793 1644 istorum?
813 1583 849 1643 de
871 1583 970 1644 nostris
991 1584 1093 1646 somnis

75 1643 211 1724 ¹5¹⁶¹¹¹⁸¹s⁰
224 1658 293 1736 quid
310 1659 444 1721 habemus
456 1659 569 1720 dicere?
588 1671 620 1720 tu
633 1659 693 1720 ¹de
713 1661 805 1720 merso
834 1679 881 1720 me
909 1663 939 1719 δι
971 1681 1048 1740 equo
1066 1659 1093 1722 ad

73 1713 181 1824 Kgffiefsg
226 1735 344 1812 ripam?
377 1753 432 1813 ego
453 1737 488 1796 de
510 1738 604 1797 Mario
626 1754 691 1798 cum
716 1737 830 1798 fascibus
850 1739 980 1798 laureatis
1004 1741 1093 1800 mein

73 1839 151 1889 nme,
221 1811 302 1872 suurn
317 1813 543 1888 deducijubente
557 1813 821 1874 monumentumi-
848 1859 852 1868 a
1083 1861 1087 1864 .

264 1886 388 1950 LXVII.
407 1891 577 1950 Omuruu
597 1889 790 1961 somniorum,
811 1891 937 1966 Quinte,
956 1909 1016 1966 una
1029 1893 1093 1954 ratio

221 1965 268 2026 est.
289 1985 371 2044 quae,
390 1983 440 2044 per
452 1968 520 2026 deos
534 1967 720 2027 immortales!
743 1968 888 2028 videamus
901 1985 939 2028 ne
951 1969 1045 2029 nostra
1058 1969 1088 2040 sr

221 2045 380 2123 perditione
406 2046 436 2104 &
461 2045 657 2120 depravatione
672 2044 822 2121 superetur.
862 2047 961 2119 Quem
975 2050 1052 2106 enirn
1064 2059 1093 2106 m

158 2139 210 2202 137
221 2117 343 2181 Marium
358 2121 446 2182 visum
460 2120 476 2181 a
492 2139 539 2180 me
554 2119 652 2200 putas?
672 2120 820 2196 Speciem,
840 2121 950 2192 credo,
973 2125 1049 2201 ejus,
1066 2123 1092 2182 dt

143 2223 146 2228 ,
192 2229 197 2238 ι
221 2197 401 2272 imaginem,
426 2209 458 2256 ut
478 2197 647 2258 Democrito
674 2197 791 2258 videtur.
830 2198 918 2258 Unde
939 2200 1090 2274 profetam

62 2325 64 2331 .
220 2272 396 2348 imaginem?
416 2273 432 2333 a
448 2273 608 2350 corporibus
619 2275 695 2333 enim
712 2274 801 2336 solidis
816 2321 825 2348 ,
846 2275 876 2334 δι
897 2274 914 2334 a
932 2279 1013 2336 certis
1025 2276 1090 2354 figu-

70 2369 87 2421 y
102 2366 152 2406 erat
167 2349 254 2410 emis
270 2352 329 2409 vuit
343 2349 427 2409 fluere
441 2351 583 2427 imagines.
603 2351 680 2426 quod
694 2353 776 2428 igitur
792 2352 875 2429 Marii
890 2369 992 2426 corpus
1005 2351 1089 2416 aerati

69 2423 162 2468 ‘⁰⁴⁰2
222 2424 266 2485 Ex
280 2443 341 2495 e0,
361 2427 474 2504 inquit,
494 2425 573 2503 quod
594 2427 712 2486 ²fuerar.
750 2429 831 2504 plena
858 2429 920 2488 sunt
940 2429 1087 2506 imaginun

68 2482 344 2592 ssdsflux‘mflomnia.
373 2504 420 2563 ista
434 2505 515 2578 igitur
531 2519 579 2562 me
595 2506 694 2581 imago
710 2507 793 2565 Marii
804 2508 834 2566 in
848 2522 981 2581 campum
998 2509 1087 2566 Atina·

16 2625 20 2632 .
69 2583 183 2657 mimi,
220 2591 278 2638 tem
294 2578 512 2658 persequebatur.
549 2579 624 2640 nulla
639 2582 714 2641 enirn
728 2581 831 2659 species
851 2583 967 2659 cogitari
989 2585 1086 2662 potest,

68 2664 180 2722 inseite·
218 2656 267 2714 nisa
283 2657 358 2730 pulsu
379 2659 543 2733 imaginum.
643 2697 644 2700 =

128 2733 211 2812 ¹⁴138
260 2733 337 2806 Quid
353 2734 440 2808 ergo?
461 2734 517 2792 inae
539 2733 674 2808 imagines
702 2736 741 2795 ita
758 2736 839 2796 nobis
861 2729 939 2796 dieto
952 2737 1088 2798 audientur

108 2813 165 2881 rag.
221 2807 431 2874 sunt,uts1mul
446 2823 529 2945 atgue
542 2810 847 2881 velimus,accurrant?
868 2814 991 2873 etiamne
999 2831 1086 2874 eantur

69 2885 188 2926 ⁰¹¹¹V¹¹·
220 2900 331 2956 rerum,
351 2905 416 2964 quae
430 2885 515 2946 nuiae
528 2885 617 2948 sunt?
637 2905 703 2964 quae
725 2889 764 2950 est
784 2891 861 2950 enim
884 2891 1016 2952 stfonna
1032 2905 1084 2952 tarn

1044 2987 1084 3029 ffl-

250 3129 288 3173 37.
306 3119 385 3166 Forma
396 3127 442 3164 tam
452 3116 588 3176 imfirma]
600 3118 689 3184 Vulgg.
705 3119 814 3179 inufitau.
840 3123 896 3169 Nos
913 3134 968 3170 veru
1052 3124 1084 3174 ιη’-

215 3181 250 3227 mi
267 3181 397 3245 lectionem
413 3183 562 3246 recepimus,
578 3197 651 3244 quam
671 3180 713 3230 fibi
729 3198 781 3231 non
797 3181 920 3246 displicere
940 3187 1016 3238 testati
1054 3187 1083 3245 d

214 3245 335 3293 Gnrrecus.
354 3245 426 3291 Certe
438 3259 485 3292 vox
497 3243 530 3293 est
541 3245 608 3308 probi
624 3247 766 3303 commatis,
782 3259 885 3308 eamque
898 3248 982 3311 passim
999 3264 1020 3298 ar
1052 3260 1084 3303 te·

214 3306 413 3369 raruanibrarii.
445 3309 481 3356 Sic
493 3308 554 3372 apud
565 3305 680 3357 Caesarem
697 3308 738 3358 iib.
752 3323 785 3359 11.
802 3314 827 3360 B.
842 3313 874 3358 G.
891 3325 943 3386 cap.
963 3328 1001 3368 31.
1052 3315 1090 3375 νὺ(

214 3379 278 3428 atque
294 3370 395 3424 inufirata
405 3369 474 3432 specie
489 3375 594 3422 commoti.
626 3377 683 3436 Leg.
701 3371 826 3428 invifirara.
847 3374 955 3424 Velenus
970 3381 1020 3424 Ma·
1052 3393 1085 3432 im

212 3429 284 3482 line.
299 3444 351 3496 cap.
363 3449 387 3494 4,
399 3447 426 3494 7,
436 3433 502 3499 Quid
517 3437 575 3486 raim
588 3447 635 3491 tam
649 3431 796 3500 inafitaum,
817 3437 872 3517 guid
888 3452 935 3508 ram
951 3441 1012 3500 inam
1052 3446 1085 3500 ir,

872 3515 890 3536 ¹·
944 3513 949 3522 '
988 3515 992 3522 ’
1052 3520 1083 3556 un
