2234 3814
176 70 362 162 irruere
417 98 662 172 Pullius·
779 117 860 191 3179
952 144 954 152 ·

9 200 171 272 ιιιιτττῑιιιιτι
194 211 262 272 mihi
276 225 371 272 autem
385 209 421 270 ad
432 211 507 282 hoc,
527 213 634 290 dequo
648 209 771 288 disputo,
811 229 859 274 ro-

2 289 110 350 ndum
125 287 252 358 fatiscit,
271 307 330 350 non
346 286 435 348 mode
449 287 542 366 plura,
562 288 607 350 sed
620 290 767 366 pauciora,
786 231 859 352 gvi.

1 383 11 441 g
45 364 184 444 praesensa
204 368 235 426 δι
253 365 383 444 praediera
398 366 518 443 reperiri.
882 391 887 401 r
966 391 971 404 1

5 445 103 579 ’(ἧιιίιι
118 444 204 502 etiarn
218 443 275 502 hoc
289 463 348 502 non
363 441 487 502 dubitans
501 441 639 504 dixerim:
671 444 793 506 fiunum
805 443 924 514 'aii-125
1024 494 1029 502 .

0 521 45 580 ιιι
66 521 103 578 ita
129 518 165 578 fit
185 519 348 596 praedidlum
368 518 612 598 praesensumque,
630 531 661 580 ut
677 519 741 581 cum
756 539 859 583 evene·

0 623 7 660 z
34 639 42 665 ‚
61 598 98 655 ita
113 595 197 655 cadat
211 607 242 656 ut
254 595 415 673 praedidum
429 595 477 668 fit,
497 614 588 674 neque
603 598 631 657 in
655 614 691 656 eo
706 599 858 678 quidquam

1 692 48 748 ’,ιι
61 679 63 684 ’
74 675 105 732 &
130 673 252 732 fortuitu
265 673 369 734 fadum
383 671 466 732 elica
487 685 579 750 pareat
597 717 606 743 ,
627 671 680 732 elie
701 673 774 734 certe
789 677 860 735 divi·
908 699 913 708 ·

0 751 160 819 ''tionem,
187 749 271 838 idque
297 747 368 809 reffe
387 692 486 811 omni

979 729 1013 745 N-

486 769 516 810 us
536 749 737 810 confitendum.
777 754 879 828 Qum:
892 761 1007 820 etlualtl.

1 830 17 893 ξι
27 842 57 884 ca
71 826 198 904 primum
215 826 283 886 mrhi
296 828 419 896 videtur,
440 842 471 888 ut
485 827 645 900 Pufidonius
660 827 741 898 facit,
761 824 777 886 a
793 829 859 902 deo,

0 910 9 951 Ἀ
37 921 94 979 quo
108 902 172 962 satis
185 903 290 964 dietum
304 903 359 974 est,
378 903 478 965 deinde
492 903 508 964 a
523 906 581 964 fato
591 903 708 984 ,deinde
721 903 738 964 a
752 916 860 976 natura,
905 913 930 960 r.
945 913 974 968 B·

3 1004 26 1028 κ
49 982 144 1041 omnis
170 980 311 1040 divinandi
330 983 467 1059 ratioque
490 981 646 1058 repetenda.
685 982 757 1042 Fieri
779 983 861 1058 igitur

1 1058 89 1116 mnia
100 1058 180 1127 fato,
200 1060 268 1117 ratio
282 1060 358 1134 co'git
373 1060 458 1119 fateri.
495 1059 594 1119 Fatum
609 1057 746 1118 autemid
767 1059 862 1135 appel·

1 1152 36 1206 j,÷
55 1133 135 1210 quod
151 1135 245 1206 Graeci
258 1136 417 1206 εἱμαρμένην
432 1179 441 1204 ,
461 1135 559 1206 idest,
586 1136 714 1196 ordinem
748 1133 862 1196 seriem·

0 1225 46 1279 ue
60 1211 222 1280 causarum,
241 1211 306 1271 eum
320 1211 397 1272 caula
410 1211 497 1272 causae
512 1230 582 1272 nexa
595 1212 655 1272 iem
670 1231 705 1272 ex
718 1210 745 1270 se
757 1213 865 1289 gignat:

0 1342 1 1347 ,
44 1287 81 1346 est
109 1307 147 1347 ex
174 1288 254 1348 omni
278 1289 432 1348 aeternitate
459 1289 544 1350 fluens
564 1292 662 1349 vetitas
689 1287 863 1364 sempiterna.

1 1352 79 1424 ude
94 1365 165 1425 eum
174 1366 217 1424 vi'ttr
233 1361 281 1436 fit,
300 1366 367 1426 nihil
380 1365 417 1424 est
431 1365 553 1435 fadum,
572 1366 650 1442 quod
662 1383 720 1425 non
734 1366 860 1426 futurum

2 1443 91 1511 erit,
110 1441 272 1519 eodemque
286 1440 383 1502 modu
396 1443 464 1504 nihil
478 1441 514 1501 est
536 1441 683 1511 futurum,
703 1443 780 1520 cujus
801 1460 861 1503 non

0 1574 3 1577 ,
17 1558 18 1563 ι
27 1518 84 1578 usas
95 1561 103 1588 ,
116 1519 232 1594 idipsum
248 1519 413 1588 efficientes,
427 1527 528 1578 natura
541 1520 690 1578 contineat.
794 1521 800 1574 ἶ
865 1524 867 1531 ’

32 1595 76 1654 Ex
90 1613 150 1672 quo
163 1595 336 1672 intelligitur,
354 1608 386 1654 ut
400 1597 488 1658 fatum
503 1595 536 1654 stt
550 1611 609 1656 non
624 1585 923 1674 id‚quodsuper·126-

2 1669 119 1746 tuse,
136 1673 183 1730 sed
197 1673 225 1732 id
240 1673 317 1750 quod
330 1671 441 1750 phyficd
460 1673 580 1742 dicitur,
600 1673 677 1748 causa
699 1685 858 1733 aeternare·
885 1675 888 1680 '

2 1767 73 1827 jam,
96 1767 146 1808 cur
157 1751 192 1809 δι
206 1747 253 1820 ea,
270 1767 337 1827 'quae
352 1749 557 1824 praeterierunt,
577 1749 648 1808 nea
661 1748 858 1826 fint‚&,quae

42 1839 106 1894 ant,
127 1826 213 1895 fiant,
231 1829 278 1897 δι,
299 1843 363 1902 quae
376 1827 548 1904 sequuntur,
567 1827 656 1885 futura
670 1825 730 1884 sint.
753 1826 791 1884 ita
804 1825 858 1894 fit,

1 1914 43 1961 ¹ut
55 1903 249 1962 observatione
266 1903 361 1962 notari
378 1903 480 1978 poffit,
504 1921 571 1980 quae
585 1921 626 1962 tes
639 1917 781 1979 quamque
794 1895 933 1959 cau-³¹³5?
939 1905 967 1946 Μ

64 1981 229 2056 plerumque
243 1979 439 2056 consequatur,
455 1982 539 2040 etiam
552 1978 573 2039 fi
586 1997 645 2038 non
658 1979 773 2053 semper.
792 1951 955 2064 nam⁰bss¹'·

0 2053 25 2114 d
43 2057 160 2133 quidem
181 2057 316 2120 affirmare
342 2055 452 2116 difficile
483 2057 528 2116 est.
566 2055 740 2130 Eaedemque
769 2053 860 2112 caulas

0 2132 178 2192 ¹verifimile
194 2132 231 2191 est
251 2133 341 2206 rejrum
357 2132 509 2192 futurarum
532 2133 607 2190 cerni
626 2130 727 2200 abiis,
746 2130 794 2208 qui
811 2139 859 2188 aut

0 2236 12 2275 n
32 2226 43 2268 r
57 2211 184 2270 furorem
207 2227 251 2268 eas
261 2229 266 2261 s
277 2211 324 2270 aut
337 2209 366 2268 in
382 2211 475 2284 quiere
488 2209 608 2268 videant.

1 2296 2 2300 ’
34 2287 434 2346 Lutrnmnnncum
454 2288 514 2346 fatu
535 2283 709 2345 omniafiant
728 2283 921 2363 (idquodrzr
979 2348 981 2358 ,

0 2390 7 2401 >
23 2362 51 2420 ὀ
63 2363 129 2422 loco
152 2363 327 2438 ostendetur)
354 2362 448 2440 siquis
471 2363 609 2423 tmortalis
624 2363 704 2438 poffit
719 2361 791 2431 elle,
810 2363 875 2440 quit
891 2353 984 2430 ΜΨ,

15 2438 201 2514 olligationem
219 2437 358 2517 causarum
373 2441 502 2500 omnium
524 2438 663 2515 perspiciat
683 2441 797 2506 animo,
817 2417 984 2498 ιιι-ΨΜ·

0 2524 12 2565 l·
56 2534 126 2575 eum
144 2515 272 2591 profedd
294 2515 374 2576 fallat.
400 2518 447 2594 qui
468 2517 543 2576 enim
558 2528 650 2574 teneat
664 2516 752 2580 caulas
768 2531 861 2574 rerum
890 2538 898 2547 ²
959 2571 963 2576 .

31 2601 169 2670 tutatum,
188 2593 264 2652 idem
279 2587 436 2656 neceffeest
452 2593 547 2662 omnia
560 2603 670 2661 teneat,
689 2610 753 2666 quae
770 2593 864 2650 futura

0 2686 12 2719 t·
25 2679 56 2726 ot.
95 2667 185 2744 Quod
200 2669 264 2728 clun
287 2685 373 2728 nemo
393 2671 484 2728 iacere
499 2679 515 2738 ,’
527 2667 577 2728 nist
591 2667 656 2726 deus
671 2710 680 2736 ‚
700 2667 794 2742 poffit‚
819 2684 862 2725 re-

8 2745 180 2825 gquerrdum
202 2745 367 2804 estrhomini
384 2787 392 2814 ,
412 2754 443 2803 ut
463 2745 542 2820 signis
561 2745 746 2819 quibusdam,
766 2743 879 2802 conse-¹
913 2771 917 2778 =

7 2823 111 2880 -uentia
125 2821 336 2890 declarantibus,
358 2822 447 2880 futura
462 2821 621 2898 praesentiat.
660 2839 719 2880 non
734 2822 809 2880 enim
817 2820 863 2890 illa

1 2911 62 2971 quae
78 2899 168 2976 lutura
182 2898 259 2966 sunt,
277 2898 365 2958 subito
380 2897 524 2967 existunt,
540 2895 586 2954 sed
601 2897 653 2966 est,
674 2895 748 2974 quafi
764 2898 864 2956 ruden-

7 2997 15 3026 ι
37 2976 206 3049 τιιρὶιειτιο,
227 2974 263 3034 fic
276 2973 411 3034 traductio
425 2976 556 3050 temporis
570 2974 637 3032 nihil
651 2977 719 3034 novi
740 2974 864 3032 efficien-

0 3049 18 3099 ι’
40 3091 49 3117 ,
69 3053 99 3108 &
114 3053 235 3126 primum
249 3052 371 3126 quidque
385 3052 545 3126 replicantis.
558 3050 560 3052 ’
585 3051 672 3126 Quod
686 3054 715 3108 δι
728 3049 862 3116 iivident,
910 3075 915 3080 ‚

6 3127 96 3186 uibus
109 3122 235 3188 naturalis
248 3127 380 3187 diuinatio
394 3127 457 3188 data
469 3127 506 3187 est
522 3149 529 3188 ι
557 3129 586 3187 &
600 3129 636 3199 ii,
656 3129 753 3205 quibus
773 3125 863 3183 cursue

324 3220 326 3234 ·
820 3217 865 3261 re·

1 3414 6 3426 ·
29 3397 67 3437 ιι.
84 3387 257 3452 l'mllmtleestq
273 3363 388 3440 ordinent
399 3389 524 3440 verberum
535 3392 562 3440 de
580 3385 722 3438 sententiam
739 3384 809 3436 secuti
830 3383 862 3437 fic

14 3447 188 3505 mendavimus:
205 3453 261 3510 cium
270 3467 340 3506 aurea
350 3453 480 3520 legeretur,
492 3455 627 3516 vertfimllis.
644 3455 669 3502 Ρ.
683 3453 776 3514 Manur,
816 3515 863 3558 Nn
946 3497 952 3516 ,

2 3529 13 3549 ¹¹
740 3535 742 3540 ·
765 3527 801 3570 92·
838 3527 847 3557 θ
