2234 3814
171 79 351 157 Iiiaitn
395 65 737 173 Sucoiinue.
803 125 886 199 32¹3

17 201 61 264 res
82 183 214 258 roslsent,
233 195 439 258 maximum-id
461 212 623 274 portentum
650 201 802 280 haruspices
829 203 885 266 esse

20 257 145 326 dixerint.
180 267 254 344 quasi
272 269 340 331 uerit
354 275 507 354 quidquam
529 278 657 348 Intersit,
678 297 787 351 mutes,
807 281 884 345 diem

22 339 126 399 noctem
139 342 236 420 ailquid
251 348 403 422 rodentes,
438 353 512 420 scuta
547 373 583 413 an
605 356 689 414 cribra
711 357 883 424 corroserint.

20 415 87 474 Nam
98 417 115 476 si
125 419 173 486 isla
186 419 324 502 sequimur
332 470 341 498 ,
350 428 428 506 quod
441 431 561 490 Platonis
568 433 696 492 PolitIain
711 453 798 510 nuper
807 437 881 512 apud

17 489 64 551 'me
77 512 162 556 mures
178 503 355 574 corroserint,
376 506 411 566 de
425 507 562 584 republica
577 509 658 572 debui
674 512 879 586 pertimescere:

16 582 73 638 aut,
91 571 234 648 st'Epicuti
248 580 289 640 de'
299 579 451 659 Voluptate
464 584 530 644 liber
543 585 685 646 rcorrosus
698 584 782 660 esset,
800 603 901 667 puta-t
922 596 967 646 aiu

17 663 70 706 tem
84 667 221 712 annonam
238 656 267 716 in
281 661 399 719 macello
414 661 548 722 cariorem
565 663 634 723 sote.
889 658 963 712 ¹⁰su'·

47 725 176 787 XXVIII.
196 735 253 791 An
275 735 375 796 vtio
396 737 439 797 illa
455 756 506 798 nos
526 751 648 809 terrent,
668 737 817 816 siquando
834 744 927 805 att-oo

16 817 63 876 qua
75 807 228 877 portentosa
242 823 289 870 aut
302 830 337 872 ex
351 815 457 889 pecude
466 828 512 876 aut
526 835 561 874 ex
575 817 692 876 bonisne
708 831 771 878 tiata
785 818 883 886 dicun·

16 876 72 936 tur?
90 897 206 954 quoium
222 889 369 961 omnium,
388 910 424 954 ne
449 890 498 950 sim
520 894 654 968 longior,
675 913 729 952 utta
751 899 820 956 ratio
837 897 884 958 esi.
939 959 943 964 ,

16 953 138 1032 quidquid
152 963 228 1023 euim
245 967 348 1037 oritur,
368 969 570 1046 qualecumque
585 972 639 1042 eit,
659 969 769 1034 eausam
782 973 882 1034 habeat

16 1023 252 1118 inatumnecesle
266 1043 318 1104 est:
340 1059 370 1105 ut
385 1047 468 1108 etiam
492 1046 511 1110 fi
532 1058 629 1123 praeter
652 1050 882 1112 consuetudinem

16 1107 149 1186 exstiterit,
176 1133 276 1194 praeter
298 1136 424 1184 naturam
448 1137 623 1186 tamennon
645 1127 725 1202 poffit
748 1126 880 1189 exsistere.
957 1185 960 1188 .

17 1183 123 1257 Causam
137 1192 216 1266 igitur
233 1193 428 1276 t⁸inveffigato
442 1202 470 1261 in
487 1220 517 1262 re
547 1221 623 1264 nova
657 1216 740 1280 atque
762 1205 882 1268 admita-

16 1255 72 1331 bill,
90 1265 107 1324 li
122 1277 230 1344 ⁸potes.
269 1274 407 1340 sinullam
422 1281 560 1353 reperies:
581 1279 647 1360 illud
667 1294 762 1341 tamen
783 1283 879 1359 explo-
904 1289 926 1338 l’·
944 1289 1033 1363 cm

16 1350 97 1408 ratum
109 1345 229 1418 habeto,
249 1351 316 1412 nihil
338 1354 397 1416 lieri
415 1353 531 1430 potuisse
555 1355 612 1414 fine
636 1358 735 1418 caiisa:
757 1366 898 1436 eumque⁸
914 1364 1003 1413 P⁰³⁶¹¹⁸
1053 1395 1055 1402 ·

17 1421 161 1493 terrorem,
181 1444 269 1502 quem
290 1430 340 1491 tibi
360 1433 399 1494 rei
420 1433 528 1492 novitas
551 1433 693 1503 attulerit,
713 1447 818 1498 natutae
838 1418 978 1530 ra-Jffio

18 1489 89 1578 fiune
107 1497 245 1578 depelliro.
283 1505 320 1565 ita
341 1519 370 1568 te
385 1525 445 1568 nee
468 1523 548 1570 tetrae
570 1511 717 1584 fremitus,
742 1529 795 1574 uec
817 1517 941 1595 emim,
979 1493 1033 1541 Μ

16 1565 144 1656 discessus,
161 1599 218 1642 nee
230 1581 369 1660 lapideus,
388 1598 436 1645 aut
448 1586 607 1662 sanguineus
619 1589 709 1648 imber
722 1631 732 1660 ,
759 1607 813 1652 nec
826 1605 881 1652 tra·

16 1645 206 1729 Jeeiiosteltae,
226 1676 279 1722 nec
294 1663 367 1722 sices
380 1662 443 1727 visae
457 1663 605 1725 terrebunt.
658 1670 663 1674 ”
705 1731 708 1744 ,
834 1734 837 1742 ,

17 1731 28 1806 Q,
53 1726 169 1801 Quarum
190 1739 323 1798 omnium
343 1740 432 1800 causas
451 1739 509 1821 fid
533 1741 687 1819 Chrysippo
708 1745 855 1820 *quaeram
871 1737 923 1826 ,61

17 1799 67 1872 ipse
80 1805 120 1866 ille
134 1811 312 1878 divinatione
327 1817 423 1878 audior
438 1835 590 1894 numquam
599 1819 643 1878 illa
658 1821 730 1878 dicet
742 1821 813 1880 faeta
824 1813 903 1882 sor-'¹l
917 1827 1009 1890 s⁰²¹²⁸

18 1876 100 1964 luitd,
116 1891 323 1968 naturalemque
345 1897 481 1955 rarlonem
511 1897 640 1955 omnium
671 1896 775 1957 reddet.
813 1879 938 1962 nihtl⁴²¹'·

20 1965 86 2015 enim
98 1960 152 2026 fieti
167 1967 226 2028 sine
247 1971 323 2029 causa
344 1973 454 2048 potest:
484 1990 537 2030 nec
556 1973 705 2048 quicquam
729 1971 783 2044 fit,
802 1977 881 2052 quod

20 2025 135 2099 fiennon
150 2045 247 2120 potest.
285 2063 362 2118 nec,
391 2049 409 2108 si
430 2049 458 2109 id
477 2049 582 2108 saetam
605 2049 667 2119 est,
697 2049 773 2128 quod
789 2055 882 2127 potuit

16 2101 71 2180 ssfiesl‘
78 2153 85 2178 t
103 2133 261 2190 portentum
277 2124 359 2184 debet
374 2125 470 2186 videri,
495 2126 567 2184 nulla
579 2126 660 2202 igitur
673 2138 800 2202 portenta
812 2129 882 2194 sunt.

20 2179 84 2272 Nam
97 2191 132 2263 fi,
150 2201 302 2273 quadrato
319 2200 364 2270 fit,
383 2201 411 2262 id
426 2213 587 2280 portentum
602 2205 754 2280 putandum
773 2206 827 2278 est,
842 2209 883 2267 sa·

18 2273 124 2332 Pientem
142 2273 213 2346 esse,
231 2289 391 2354 portentum
408 2281 453 2340 est.
491 2280 586 2356 saepius
610 2285 684 2341 enim
708 2282 813 2343 mulam
833 2303 883 2357 pe·

16 2341 102 2408 *Petis'e
114 2351 244 2424 arbitror,
263 2355 350 2431 quam
364 2357 513 2432 sapientem
528 2355 612 2417 fuisse.
651 2359 697 2418 Illa
713 2361 793 2436 igitur
809 2363 879 2424 ratio

21 2422 163 2499 concludit,
176 2443 226 2500 ut,
242 2449 298 2501 ¹nec
309 2432 354 2500 id,
392 2435 449 2493 uod
465 2453 523 2494 non
539 2437 659 2511 potuerit
679 2435 754 2504 ficis,
774 2439 880 2498 fadum

20 2505 139 2578 {iniquam
155 2505 223 2566 esse:
246 2527 298 2568 nec
313 2453 391 2586 quod
412 2513 558 2586 potuerit,
583 2513 611 2572 id
632 2525 793 2588 portentum
809 2515 878 2576 else:

21 2577 53 2626 tta
65 2581 179 2640 omnino
195 2585 301 2651 nullum
318 2585 370 2644 esse
384 2600 554 2664 portentum.

51 2651 131 2726 Quod
147 2662 230 2726 etiam
247 2663 392 2736 conjeeiot
406 2665 520 2739 quidam
536 2666 567 2723 δι
589 2665 721 2740 interpres
735 2663 924 2740 portento-62
951 2740 959 2756 ι

16 2733 70 2784 ,tum
92 2750 150 2792 non
177 2737 272 2808 Inscite
293 2738 457 2814 respondisse
480 2741 579 2798 dicitur
594 2742 644 2806 ei,
665 2743 735 2816 ¹qui
757 2741 820 2804 clim
843 2747 903 2806 adx
918 2755 958 2805 ‘1¹¹¹
997 2761 1004 2791 ¹

16 2810 74 2863 eum
94 2812 246 2888 retulisset,
284 2817 360 2896 quast
388 2817 526 2877 ostentum
543 2815 652 2896 (quiid
680 2819 775 2950 angp9is
787 2803 1026 2958 algchqozpngffls

768 2914 802 2957 ve
832 2918 878 2961 em

16 3048 94 3127 ‘dludi
106 3081 162 3137 quoti
171 3079 316 3142 haruspict‘bui
330 3083 472 3145 trislt'ffimum
483 3083 557 3144 vistim
570 3085 617 3141 esi,
632 3087 646 3131 ii
658 3086 755 3134 muribus
767 3085 805 3146 effi
814 3086 878 3134 dero-v

16 3121 55 3178 dh
62 3135 142 3190 Plinius
152 3147 183 3194 1-1.
195 3145 227 3192 N.
239 3143 280 3196 lib.
293 3161 354 3198 viii.
371 3163 422 3211 cap.
436 3162 473 3204 57·
503 3153 596 3203 Muris,
612 3151 689 3204 arrasa
700 3151 793 3195 Lavinia·
808 3150 874 3208 (cum

16 3197 114 3309 baddim
127 3205 182 3270 Iege
192 3209 302 3305 Ldmii)
314 3213 388 3274 clypeis
403 3213 520 3274 argenteis,
536 3213 654 3269 lsarfiaiim
662 3212 876 3280 portenderesiessm.

40 3299 305 3396 ⁵⁸·'Inveſs12gatota-cgst
315 3328 406 3396 potens
423 3337 504 3386 Editio
516 3335 613 3385 visioni
634 3339 731 3397 poteris,
747 3351 824 3399 neque
840 3338 876 3387 se·

16 3383 96 3503 gafal·
111 3407 145 3459 pt.
162 3409 191 3446 ac
207 3391 251 3446 see.
267 3411 326 3448 iiam
337 3411 391 3452 tort.
407 3403 432 3454 te
449 3413 526 3467 quart.
545 3399 673 3462 investigare
687 3403 732 3453 etc.
751 3401 873 3464 βροτω).

730 3541 778 3592 159.
799 3527 878 3576 Vadam
