2210 3802
239 109 322 206 3'274
438 117 441 123 '
546 103 826 184 nsum
948 69 950 77 A

239 247 334 307 utque
346 239 439 289 tamen
457 238 533 288 erant
547 229 634 287 causae
648 227 760 300 fatales,
778 245 826 288 eur
839 228 877 288 ita
892 227 1045 292 accideret:
1061 229 1094 292 tet

219 375 222 382 ¹
240 305 317 382 qubd
332 308 370 366 ita
387 303 543 388 cecidisset,
564 318 638 364 certe
652 307 797 375 casurum,
816 303 884 364 sicut
904 307 1032 382 cecidit,
1049 309 1093 368 suit

125 387 135 452 ζ
192 381 303 442 ²⁰Nec
316 384 353 452 ii,
373 383 420 459 qui
434 381 530 442 dicunt
542 382 721 442 immutabilia
742 381 796 441 esse
811 425 822 454 ,
840 399 905 460 quae
925 383 1093 454 fuurra'sint,

87 442 293 553 {waste
305 457 380 534 posse
394 475 491 518 verum
515 458 637 538 futurum
659 471 845 518 nconvertere
862 460 894 517 iu
913 459 1015 538 salsum
1035 477 1046 529 ,·
1059 463 1094 522 ht

84 522 197 617 altisssi-
237 533 425 595 neceffitatem
439 533 675 604 confirmant,sed
691 535 839 594 verborum
854 535 913 593 vim
929 536 1096 614 interpretari·

85 625 154 679 vent,
238 621 291 671 tur.
328 613 392 683 At,
414 613 461 689 qui
481 610 659 671 introducunt
679 611 819 671 causarum
839 611 939 670 seriem
969 611 1095 690 sempiter-

236 691 359 759 uatn,ii
381 702 506 748 mentem
528 688 650 749 hominis
671 689 813 749 voluntate
831 688 915 747 libera
938 687 1094 765 spoliatam,

221 766 387 830 ,necessitate
402 767 454 825 sati
464 765 634 834 devinciunt.
1048 763 1058 784 '

270 843 306 903 X.
325 844 397 902 Suo
418 861 498 902 unc
518 840 658 902 hahenus.
695 841 759 902 Alia
779 842 933 902 videamus.
967 843 1095 904 concludit

231 922 307 980 enirn
324 917 489 996 Chrysippus
503 921 558 978 hoc
572 919 678 986 modo,
701 919 727 978 Si
749 917 787 978 est
808 933 902 980 motus
926 918 987 978 fine
1007 922 1094 991 causa,

212 1021 214 1024 ·
231 1013 290 1056 non
305 997 397 1056 omnis
411 997 579 1061 enuntiatio,
590 995 672 1070 quod
686 995 794 1070 ἀξίωμα
806 995 946 1056 dialectici
960 998 1094 1073 appellant,

127 1084 137 1102 ·
176 1088 184 1102 ·
232 1086 280 1133 aut
294 1089 374 1142 vera,
394 1087 441 1132 aut
456 1073 516 1132 falsa
538 1082 604 1130 erat.
643 1071 732 1132 causas
754 1073 829 1132 enim
853 1071 1013 1134 efficientes
1031 1073 1093 1152 quoi

229 1169 289 1208 non
303 1149 432 1217 habebit,
451 1149 480 1218 id
502 1165 555 1210 uec
576 1165 697 1219 verum,
716 1167 769 1208 nec
793 1148 889 1209 falsum
910 1150 977 1208 erit.
1017 1151 1094 1210 omnis

95 1284 98 1293 ,
231 1239 323 1286 autern
347 1225 499 1285 enuntiatio
526 1234 572 1283 aut
594 1241 659 1282 vera
682 1239 728 1285 aut
748 1225 810 1286 salsa
832 1225 880 1286 est.
920 1237 1023 1286 motus
1040 1243 1093 1304 ergo

25 1339 28 1344 -
183 1303 287 1362 21fine
309 1302 385 1360 causa
407 1302 561 1361 nullusest.
600 1301 690 1376 Quod
710 1301 730 1362 st
749 1302 787 1361 ita
809 1303 869 1372 est,
891 1305 1090 1380 omnia‚quae

76 1378 162 1478 ἔξω
228 1377 315 1449 fiunt,
334 1378 416 1446 causis
430 1378 499 1438 hunt
512 1377 678 1452 antegressa·
693 1379 722 1438 id
736 1377 757 1437 fi
770 1380 807 1437 ita
821 1377 859 1437 est
874 1421 883 1449 ‚
903 1381 1011 1440 omnia
1024 1381 1089 1438 ⁰hto

75 1430 200 1540 mm
227 1455 305 1517 fiunt.
346 1457 462 1535 efficitur
480 1455 586 1530 igitur,
610 1456 669 1514 fato
697 1453 780 1526 fieri,
807 1472 1007 1532 quaecumque
1032 1455 1091 1517 fian

74 1555 157 1611 onst
173 1556 200 1610 p,
228 1531 287 1591 Hic
302 1533 421 1606 primum
437 1531 456 1590 fi
472 1532 540 1590 mihi
553 1531 640 1591 libeat
649 1530 765 1590 assentiri
780 1533 901 1606 Epicuro
917 1575 928 1602 ,
950 1535 985 1592 ὃς
1006 1549 1091 1609 negare

75 1618 131 1668 ut.
228 1625 345 1667 omnem
360 1609 580 1668 enuntiationem
594 1620 642 1668 aut
656 1625 750 1668 veram
761 1607 833 1679 esse,
852 1621 899 1667 aut
914 1609 1016 1668 falsam
1026 1627 1090 1669 :mm

224 1685 332 1763 plagam
347 1685 436 1763 potius
457 1686 613 1760 accipiam,
639 1684 804 1762 quim-sato
826 1685 925 1744 omnia
948 1685 1013 1764 fieri
1026 1703 1090 1745 con·

224 1765 350 1836 probem.
367 1763 369 1767 ’
389 1761 432 1819 illa
448 1763 523 1818 enim
538 1760 669 1823 sententia
684 1759 785 1838 aliquid
799 1759 881 1821 habet
895 1759 1089 1837 disputationis,

222 1837 285 1896 haec
302 1835 369 1897 verb
393 1837 505 1896 nonest
525 1837 678 1896 tolerabilis.
715 1839 809 1916 itaque
828 1838 981 1898 contendit
1003 1855 1089 1900 omnes

222 1931 324 1973 nervos
346 1912 535 1989 Chrysippus,
556 1925 587 1970 ut
605 1912 786 1988 persuadeat,
813 1931 900 1985 omne
925 1914 1041 1988 ἀξίωμα
1053 1925 1090 1974 aut

123 2048 126 2054 ,
223 1989 406 2059 verumesle,
426 2001 472 2047 aut
494 1989 600 2048 falsum.
638 1991 680 2051 Ut
702 1991 777 2048 enim
802 1989 939 2064 Epicurus
970 2004 1089 2060 veretur,

222 2084 278 2136 ne,
297 2067 317 2128 fi
336 2067 392 2128 hoc
415 2063 597 2132 concesserit,
617 2065 830 2125 concedendum
852 2065 909 2136 ht,
940 2067 1004 2127 sato
1024 2067 1089 2138 sieri,

70 2149 90 2199 Ρ
113 2135 409 2220 *itemquaecumque
430 2141 518 2200 fiant:
541 2139 572 2215 (si
585 2143 659 2202 enirn
675 2142 857 2200 ratterurrun
878 2161 915 2199 ex
940 2147 1087 2204 aeternitate

69 2211 152 2311 'lw-
221 2231 319 2277 vetum
334 2221 381 2287 sit,
402 2217 455 2276 elie
468 2218 497 2276 id
510 2219 592 2276 etiam
607 2231 730 2277 certum:
750 2219 797 2286 δι,
818 2217 837 2274 fi
853 2229 990 2287 certum,
1012 2223 1087 2280 erim

141 2299 149 2315 '
220 2293 421 2353 necessarium:
442 2296 477 2351 ita
493 2295 522 2351 δ(
538 2295 723 2352 necessitatum
741 2336 750 2363 ,
769 2296 800 2352 δι
819 2295 908 2352 fatum
930 2295 1085 2356 confirmari

213 2373 305 2450 putat)
326 2371 361 2429 ste
376 2369 541 2448 Chryhppus
558 2371 657 2428 metuit
678 2411 686 2438 ,
712 2388 749 2430 ne
767 2412 777 2438 ,
796 2369 816 2432 st
836 2387 896 2430 non
920 2372 1084 2442 obtinuerit,

215 2465 321 2516 omne,
341 2447 418 2524 quod
431 2448 604 2514 enuntietur,
625 2459 671 2504 aut
693 2463 790 2506 uerum
807 2445 877 2515 esse,
898 2462 950 2507 aut
973 2449 1082 2516 salsumt

214 2535 244 2576 ⁴⁷
254 2543 310 2583 non
326 2535 435 2591 teneat,
455 2524 551 2588 omnia
566 2523 625 2586 fato
639 2521 715 2594 fieri,
735 2526 765 2584 δε
779 2541 814 2582 ex
829 2522 915 2587 causis
929 2527 1082 2588 aeteruisre

213 2615 275 2658 rum
290 2603 452 2661 suturarum.
1034 2676 1079 2738 &d

209 2829 344 2890 usurpabant.
367 2831 512 2880 Archontem
524 2837 690 2894 perpetuorum
702 2829 762 2880 mibi
772 2829 819 2880 esse
828 2827 940 2880 videntur
951 2829 1080 2886 simillimi,

209 2905 269 2954 quos
281 2907 344 2942 nuno
354 2897 437 2942 Veneti
448 2895 516 2942 duces
529 2894 623 2944 habent.
657 2897 747 2944 ratchisi.
755 2897 848 2942 Statius.

239 2963 277 3014 46.
295 2961 443 3014 Pytharasus.]
463 2963 498 3004 tta
511 2955 674 3006 scribendum:
691 2959 717 3006 in
728 2970 841 3023 argenteo
858 2955 926 3006 enim
950 2955 1081 3006 Athenien·

108 3081 111 3088 Ι
205 3013 265 3141 fio?
282 3022 366 3068 Graeco
383 3021 526 3074 numismate
548 3023 745 3070 ΠΤΘΑΡΑΤΟΟ
766 3021 864 3070 Archon
889 3016 1023 3082 descrimus
1044 3015 1080 3067 eh.

206 3085 280 3131 lirin.

235 3163 274 3204 47,
293 3151 339 3192 Non
349 3157 418 3190 teneat
428 3148 498 3191 amata
504 3145 553 3204 fato
562 3145 634 3206 fieri]
649 3147 686 3196 Sic
700 3161 763 3196 nunc
779 3144 842 3194 edidi
856 3160 863 3192 t
888 3157 950 3193 nam
1049 3145 1079 3204 lli·

203 3207 254 3263 teia
272 3223 357 3270 nempe
369 3208 414 3256 hoc
425 3207 513 3256 niodo:
530 3223 654 3257 auratarum
667 3226 705 3257 aur
713 3211 815 3269 falsum,
832 3211 906 3256 omnia
923 3209 972 3248 fat.
987 3211 1009 3248 m
1049 3201 1079 3255 sti

197 3270 279 3328 poffint.
313 3274 456 3320 cumcuim
471 3271 524 3320 libri
540 3287 626 3321 omnes
640 3273 731 3336 vulgati
747 3273 778 3320 fic
796 3270 885 3320 babere¹
1049 3285 1079 3318 ιιι

186 3346 237 3376 «ιω
249 3335 351 3391 farisiam,
368 3338 439 3380 omnia
453 3333 502 3392 faro
516 3335 607 3398 poffiar3
622 3349 668 3400 ego
683 3335 765 3384 videns
782 3335 889 3398 negatiot
936 3383 944 3396 ι
1049 3347 1085 3392 rut¹

197 3393 221 3441 in
234 3395 277 3440 hac
290 3395 392 3444 lestione
403 3395 545 3455 defiderari,
560 3401 651 3448 ratione
671 3397 813 3466 flagitante,
836 3411 890 3446 eam
921 3397 1021 3450 addida
1049 3412 1079 3450 u,

179 3524 182 3528 .
196 3457 277 3522 iraque
288 3457 405 3510 edideram
418 3476 424 3509 r
442 3464 479 3509 Sia
492 3462 612 3528 claryfippua
621 3467 717 3523 metuit,
733 3479 757 3511 ne
767 3496 776 3522 ,
787 3460 858 3524 finon
869 3461 967 3511 obtabas·
1009 3481 1021 3488 a
1049 3473 1079 3570 ,κά

723 3739 729 3765 s
