2234 3814
236 59 318 143 3148
398 55 956 124 DuDrvrnarroun

123 218 131 228 ,
233 162 313 240 quod
329 164 520 241 multomagis
541 164 626 224 faciet
647 163 708 239 post
729 177 877 233 mortem,
903 163 972 222 clim
1000 190 1043 215 ιι·
1058 196 1093 219 22·
1107 188 1117 215 r

231 255 351 316 corpote
365 243 515 305 excellent.
551 243 645 317 itaque
657 243 897 318 appropinquante
911 252 1011 300 morte
1027 259 1074 300 m·
1106 272 1111 293 ·

194 351 199 360 ·
231 313 270 374 est
282 316 412 380 divinior.
450 321 526 380 Nam
541 315 700 394 &idipsum
717 319 838 389 vident,
856 319 907 395 qui
927 317 991 378 sunt
1013 319 1116 380 morbo

148 437 153 448 .
230 395 334 466 gravi,
355 398 501 469 mortifero
523 394 614 454 affecti
633 435 642 464 ‚
661 394 758 456 instare
786 407 918 454 mortem.
956 395 1061 471 itaque
1078 397 1116 461 hir

231 485 382 532 occurrunt
404 475 573 610 plerumque
599 472 733 547 imagines
760 485 965 534 mortuorum:
991 485 1114 548 tumque

231 545 278 632 piel
297 553 402 616 maxim
438 551 512 611 laudi
531 550 661 610 student:
683 566 788 626 eosque
807 549 857 626 qui
875 549 953 608 secus
973 590 982 619 ,
1025 548 1114 625 qudo

78 632 182 754 {huenen
231 633 240 664 ¹
257 620 375 699 decuit,
401 630 530 688 vixerunt
547 669 556 698 ,
576 639 756 704 peccatorum
776 627 889 686 suornm
903 638 967 684 rum
986 627 1116 686 rna'nm

112 705 131 754 ι’.
195 757 199 772 ,
229 703 357 776 poenitet.

170 783 221 861 ·64
274 777 408 842 Divinare
424 792 518 840 autern
533 782 701 852 morientes,
722 781 807 840 etiam
825 779 873 838 illo
888 779 1028 856 exemplo
1047 798 1113 840 con·

231 855 325 920 firmat
339 857 519 928 Posidonius,
538 876 597 936 quo
611 857 707 927 affert,
727 857 872 919 Rhodium
886 857 1035 933 quendam
1052 875 1109 916 mo

228 938 349 998 rientem
363 935 408 996 sex
422 937 541 1012 aequales
555 933 726 1004 nominalle,
747 935 777 993 δι
798 931 894 1004 diuille
913 975 923 1003 ,
944 935 995 1011 qui
1009 935 1109 1009 primur

231 1030 348 1104 porum,
368 1013 415 1088 qui
430 1013 581 1083 secundus,
601 1013 672 1090 aqui
686 1011 788 1072 deinde
803 1010 935 1084 deinceps
960 1012 1107 1071 moriturus

231 1088 307 1150 effet.
346 1088 400 1148 Sed
413 1090 496 1148 tribus
512 1090 603 1150 modis
624 1089 718 1150 censet
738 1088 857 1148 deorum
878 1087 996 1162 appulsu
1016 1089 1107 1155 horni-

229 1184 280 1226 ncs
292 1164 446 1242 somniare:
468 1185 543 1234 uno,
563 1165 814 1242 quodptaevideat
841 1165 953 1224 animus
973 1163 1031 1240 ipse
1060 1183 1107 1240 per

228 1241 284 1302 sese
328 1243 430 1320 qnippe
446 1245 494 1318 qni
509 1243 626 1303 deorum
642 1243 811 1318 cognatione
832 1253 962 1302 teneatur
978 1261 984 1300 :
1005 1241 1107 1314 altero,

229 1285 418 1395 quodcplenus
431 1327 477 1379 a'e'r
495 1320 526 1380 lit
541 1319 743 1380 immortalium
759 1320 920 1378 animorum
937 1360 946 1387 ,
967 1318 995 1377 in
1011 1317 1107 1392 quum

228 1408 286 1456 tarn
309 1413 373 1456 uam
393 1397 529 1472 insignita
556 1411 634 1456 notae
656 1396 777 1456 veritatis
804 1409 977 1470 appareant:
997 1393 1105 1468 tertio,

227 1413 308 1548 quod
320 1471 371 1547 ipli
383 1473 420 1532 dii
435 1491 500 1532 curn
514 1474 715 1534 dormientibus
738 1471 932 1548 colloquantur
947 1490 957 1528 r
981 1479 993 1524 t
1001 1470 1104 1550 idque,

230 1561 262 1606 ur
276 1548 366 1606 modo
382 1550 457 1618 dixi,
477 1550 580 1610 facilius
596 1553 708 1610 eveniet
732 1550 974 1624 appropinquante
996 1562 1099 1618 morte,

184 1622 219 1700 65
232 1637 262 1684 ut
275 1627 362 1684 animi
376 1627 466 1685 futura
479 1639 655 1702 augurentur.
694 1627 739 1686 Ex
754 1643 813 1701 quo
828 1627 857 1685 &
872 1624 938 1684 illud
956 1623 994 1684 est
1003 1625 1101 1696 Calan,

232 1700 267 1760 de
281 1719 342 1777 quo
354 1703 418 1761 ante
431 1703 506 1770 dixi,
525 1706 555 1762 &
568 1704 720 1764 Homerici
735 1703 866 1762 Hectoris
881 1745 891 1773 ,
911 1704 962 1778 qui
986 1704 1102 1762 moriens

231 1779 416 1856 propinquam
433 1781 534 1838 Achilli
548 1793 670 1839 mortem
686 1780 840 1852 denuntiat.
986 1831 989 1838 .

270 1855 374 1914 XXXI.
395 1857 529 1928 Neque
549 1857 715 1928 enim=illud
738 1855 854 1916 verbum
868 1854 978 1916 temere
992 1854 1103 1916 consue·

233 1931 303 1994 rudo
317 1933 534 2010 approbavillet,
554 1933 574 1992 fi
589 1951 621 1992 ea
636 1952 678 1992 res
692 1933 766 1993 nulla
781 1929 848 1992 effer
863 1933 997 1995 omnino.
1043 1981 1058 1992 „

306 2009 483 2086 ⁶Presagibar
502 2012 632 2081 animas,
650 2009 757 2084 frustra
778 2029 819 2084 me
836 2009 900 2082 ire,
928 2029 991 2068 eum
1012 2008 1102 2068 exirm

369 2089 476 2147 ·domo.
912 2092 922 2112 ”

280 2149 284 2164 .
1058 2161 1116 2232 sa,

262 2363 286 2406 4.
302 2345 352 2407 Qi
369 2346 443 2394 deinde
461 2348 555 2410 deinceps
574 2349 718 2406 moriturae]
747 2344 853 2395 Verbum
872 2347 950 2394 delude
970 2341 1100 2397 mount

233 2407 545 2467 duobustallanelioribuu
561 2422 734 2473 emrpraterea
744 2409 768 2458 in
781 2423 834 2459 ren.
845 2411 872 2459 nt
882 2423 985 2473 quarto,
1000 2412 1059 2460 irem
1067 2408 1098 2458 ri·

232 2474 349 2529 thceano,
364 2469 402 2521 sed
414 2475 512 2537 repetita
529 2485 638 2538 praeterea
653 2488 713 2522 voce
728 2472 776 2522 hoc
792 2473 869 2522 modo
881 2489 888 2522 r
902 2478 942 2536 qui
956 2475 1036 2522 deiude
1046 2505 1055 2532 ‚
1066 2473 1099 2536 qai

231 2540 332 2598 deincps.
348 2536 415 2599 quod
428 2538 500 2586 etlam
514 2535 570 2586 fetri
581 2549 660 2599 queat.
676 2541 764 2588 Gruter.
795 2539 847 2600 Qt'
856 2537 930 2584 deinde
938 2537 1034 2598 deinceps
1043 2537 1100 2584 Μ’·
1114 2587 1115 2594 q

231 2614 294 2648 eurus
303 2600 370 2660 effen]
385 2603 448 2650 Cum
458 2600 544 2650 Eliens.
558 2602 626 2666 lego,
643 2604 683 2664 qui
693 2603 778 2647 &num
793 2602 893 2662 deinceps.
909 2601 962 2650 Bal.
974 2599 1038 2650 Pith.
1050 2599 1098 2650 rell.
1114 2611 1115 2654 1

231 2675 285 2712 rerr.
298 2675 375 2725 quare.
391 2667 433 2728 qm·
441 2665 530 2721 deinde,
545 2670 586 2728 qui
596 2667 696 2726 deinceps.
712 2665 773 2726 Reg.
791 2665 816 2712 δι
828 2661 931 2716 cantab.
946 2662 1054 2718 habent,
1067 2657 1115 2727 qui}

230 2729 322 2781 tertius,
339 2730 377 2786 pai
387 2729 498 2790 deincipem
515 2743 566 2792 quar
581 2727 740 2776 Librariotunr
752 2725 859 2774 redolent
874 2725 1008 2776 audacium.
1026 2725 1098 2786 1]ηῇ
1112 2729 1115 2798 l

265 2804 287 2844 5.
305 2790 371 2850 quue
385 2814 416 2826 -
427 2790 519 2849 facilius
532 2797 634 2848 aventin]
648 2795 676 2838 ln
691 2787 775 2838 nostris
785 2789 897 2838 omnibus
908 2788 942 2840 est
952 2793 1036 2842 euenit.
1050 2793 1098 2838 tor·
1112 2803 1114 2866 1

230 2847 271 2900 san
282 2862 362 2898 autem
371 2851 518 2916 legendum,
538 2859 611 2915 ireque
627 2854 665 2902 vel
683 2855 792 2916 sucoque,
810 2866 835 2898 ur
851 2856 913 2900 made
929 2855 997 2910 elixi,
1014 2855 1098 2911 facilius

228 2917 315 2969 κακῆς
331 2915 438 2978 alioquin
449 2917 514 2966 enim
528 2916 590 2966 haud
601 2915 661 2964 bene
671 2915 781 2964 connesti
794 2915 884 2974 viderur
895 2916 982 2965 oratio.
999 2917 1080 2974 Divis.
1113 2967 1114 2970 Ἴ

262 2986 284 3025 ⁶.
302 2979 430 3040 Prasagibat
445 2984 551 3036 animan]
581 2983 632 3028 MS.
650 2978 755 3027 voffian.
776 2981 951 3041 Prasagiralae,
973 2977 1099 3042 qnod‘non

228 3041 308 3090 minus
314 3040 479 3099 mihiarridet,
494 3057 568 3105 quam
578 3044 722 3103 observirm,
739 3040 804 3103 quod
818 3041 889 3090 bisin
900 3041 936 3090 his
947 3041 1000 3092 libr·
1061 3055 1098 3090 ur·
1112 3033 1114 3102 l

228 3106 266 3156 rit.
282 3109 379 3154 Gronov.
410 3105 538 3170 Prasagibat
553 3109 661 3164 animun]
689 3105 761 3169 Apud
777 3105 887 3153 Plautum
904 3105 986 3156 Aulul.
1071 3117 1097 3152 rr.

229 3172 264 3218 Se.
273 3183 307 3224 tt,
319 3183 340 3218 1.
357 3168 456 3232 legitur,
467 3171 591 3232 mugitu
600 3172 657 3216 mihi
667 3173 753 3216 animus
766 3200 774 3225 ‚
792 3167 855 3218 unde
866 3165 898 3216 fic
909 3166 986 3216 edem'

228 3233 262 3280 vit
273 3231 411 3282 Lambinus.
441 3235 504 3282 Cum
515 3248 572 3283 vero
583 3247 717 3296 pronomen
729 3231 790 3281 illud
801 3247 845 3289 nec
862 3230 893 3282 ud
905 3245 977 3282 merri
1061 3247 1063 3277 t
1112 3257 1113 3282 r

223 3291 339 3342 sermonis
349 3295 495 3358 elegantiam
516 3295 608 3353 faciat,
631 3297 713 3344 omitti
729 3296 809 3358 poruir
826 3295 841 3344 ὲ
857 3296 927 3345 Cicer

219 3370 277 3404 vero
289 3356 379 3420 prorsus
388 3358 482 3421 enJac.
496 3359 648 3416 Gronovius,
663 3362 705 3422 qui
716 3373 746 3409 ex
760 3363 842 3408 Msto.
858 3357 972 3410 volsce...

218 3417 276 3472 dunr
292 3419 399 3482 censuit,
420 3425 570 3489 presagirabar
584 3425 692 3488 anirum
706 3429 822 3490 repugnat
838 3423 907 3478 euim
920 3428 973 3496 ⁸veti
1061 3423 1063 3432 ’

20 3523 190 3704 Ν,
