2234 3814
179 120 371 186 Lrnrrrt
413 122 753 203 Secunnus.
836 143 920 214 3¹99

73 235 182 296 Verum
209 235 261 297 sint
281 235 347 297 sane
367 237 414 298 isia
435 239 618 298 Democritea
639 253 714 297 vera.
751 243 865 316 quando
881 259 914 303 ea
924 263 960 323 32

9 330 89 372 mos
105 315 171 372 extis
185 313 377 390 exquirimus?
397 328 445 376 aut
466 315 580 390 quando
605 315 707 390 aliquid
722 315 860 391 ejusmodi
880 319 914 379 ab

21 389 196 466 haruspice,
216 389 342 465 inspeetis
357 394 443 461 extis,
463 389 639 449 audivimus?
659 393 696 449 ab
708 410 796 470 aqua,
816 408 863 454 aut
877 397 912 454 ab
932 388 957 442 Ρ·
973 389 1048 440 CXV·

19 465 88 541 igni
102 467 223 542 pericula
238 480 373 526 monent:
394 481 455 527 tum
469 467 650 535 hereditates,
670 481 731 526 tum
746 469 847 530 damna
862 472 912 532 de·

18 545 176 602 nuntiant:
197 541 285 600 fissum
315 543 448 604 familiare
476 545 504 602 &
521 544 603 601 vitale
617 541 752 603 tradant:
773 563 804 604 ca
825 562 855 607 ut
866 549 912 624 je·

18 615 100 678 coris
119 638 155 678 ex
174 623 255 678 omni
269 632 345 693 parte
356 619 560 698 diligentissime
582 618 778 680 considerant:
799 565 823 680 ξ
839 625 909 686 vero

15 693 141 830 idstnon
164 695 202 754 est
223 697 396 768 inventum,
422 698 491 758 nihil
514 708 613 773 putant
641 695 767 764 accidere
790 700 908 773 potuisse

13 781 54 830 τη
83 789 137 829 rus.
282 801 288 808 ·

60 849 148 908 XIV.
169 849 259 907 an
279 849 415 912 observari
435 847 510 910 certe
524 867 582 910 non
597 862 766 926 potuemnt,
785 851 907 930 utsupra

13 923 122 983 docui.
160 923 222 984 sunt
243 927 324 1003 igitur
344 930 407 987 artis
429 930 560 994 inventa,
580 945 639 985 non
654 927 808 997 vetustatis,
828 928 848 987 sr
868 931 906 990 est

13 1019 62 1060 ars
77 1001 137 1060 ulla
152 1019 245 1062 rerum
260 1006 473 1078 incognitarum.
512 1003 586 1062 Cum
596 1019 687 1064 terum
703 1018 797 1064 autem
807 1018 903 1067 natura
916 1017 952 1078 33
993 1034 996 1041 ·

36 1095 111 1136 uam
128 1081 327 1154 cognationem
342 1079 466 1141 habent?
484 1097 550 1158 quae
565 1093 596 1140 ut
609 1098 670 1140 uno
686 1080 818 1141 consensu
837 1083 904 1158 jun·

12 1094 65 1214 gia
90 1153 125 1214 fit
145 1157 177 1214 ἃ
192 1159 363 1226 continens,
405 1158 483 1234 quod
511 1157 594 1217 video
614 1155 741 1234 placuisse
769 1159 904 1236 physicis,

11 1231 120 1306 eisque
143 1230 292 1303 maxime,
311 1235 359 1310 qui
381 1251 468 1294 omne
485 1276 494 1303 ,
522 1234 600 1310 quod
623 1231 689 1292 esset
710 1249 828 1304 ,unum
849 1233 905 1296 effe

11 1307 171 1368 dixerunt:
192 1309 259 1384 quid
273 1311 374 1369 habere
396 1312 515 1371 mundus
539 1310 628 1386 potest
649 1327 714 1369 cum
729 1311 850 1370 thesauri
859 1313 905 1374 in·

1 1387 161 1445 ,ventione
177 1385 382 1460 conjunctum?
402 1387 422 1446 fi
438 1390 513 1446 enim
528 1389 598 1446 extis
611 1389 738 1464 pecuniae
754 1389 822 1447 mihi
842 1406 902 1448 am·

10 1459 157 1534 plisrcatio
172 1462 340 1541 ostenditur,
358 1465 443 1542 idque
458 1463 488 1522 fit
501 1461 614 1534 natum,
634 1463 754 1538 primum
769 1464 902 1526 ertasunt

9 1537 176 1612 conjundta
189 1539 298 1598 mundo
314 1583 323 1610 ‚
342 1541 443 1600 deinde
458 1558 554 1599 meum
567 1541 675 1600 lucrum
694 1555 789 1599 natura
804 1558 899 1603 rerum

8 1614 193 1675 continetur.
231 1617 336 1675 Nonne
352 1618 437 1692 pudet
457 1617 583 1694 physicos
604 1618 666 1678 haec
680 1615 799 1676 dicere?
819 1621 900 1680 27Ut

1 1691 100 1750 enim
122 1692 179 1764 Jam
193 1691 225 1752 srt
239 1692 337 1770 aliqua,
350 1695 380 1754 in
402 1708 498 1753 natura
521 1710 614 1753 rerunt
635 1695 789 1768 cognatio,
809 1710 897 1772 quam

6 1763 71 1827 esse
94 1771 250 1828 concedo:
278 1769 365 1828 multa
387 1773 461 1830 enim
485 1771 570 1829 Stoici
596 1771 750 1844 colligunt:
778 1789 843 1829 nam
866 1775 896 1832 &

0 1844 210 1905 musculorum
222 1847 361 1919 jecuscuia
374 1847 471 1907 brumd
486 1847 614 1906 dicuntur
627 1841 736 1922 augeri,
757 1847 786 1904 ὅ(
800 1837 917 1921 ‘pule-f
926 1843 1046 1920 tulerim

1 1919 74 1980 ‘um
91 1921 203 1981 aridum
217 1921 359 1987 florescere
372 1924 430 2000 ipso
444 1923 559 1983 brumali
574 1923 636 1992 die,
655 1925 686 1982 &
700 1921 804 1981 inflatas
818 1906 952 1982 rum-“¹''

0 2016 37 2056 <n
63 1996 223 2068 vesiculas,
243 2000 272 2058 dc
286 1999 389 2059 semina
403 1999 548 2070 ¹malorum
564 2041 573 2069 ,
593 2015 660 2075 quae
677 1999 727 2056 sin
741 1999 779 2056 iis
795 2000 892 2062 mediis
900 2001 956 2074 ψ
967 2019 1020 2056 ms·

1 2073 120 2133 “nclusa
135 2073 205 2146 sint,
224 2076 253 2134 in
269 2077 416 2136 contrarias
430 2090 517 2152 partes
530 2075 557 2135 se
573 2080 678 2134 vertere
692 2093 699 2130 :
715 2075 775 2150 jam
790 2091 892 2138 nervos
900 2061 946 2114 ‘¹¹¹⁸
955 2070 1008 2119 ⁶³¹3·

1 2151 35 2210 in
54 2150 162 2210 fidibus
175 2151 232 2212 aiiis
247 2152 326 2227 pulsis
342 2154 467 2213 resonare
483 2153 572 2212 alios:
604 2149 752 2228 ostreisque
779 2151 809 2210 &
824 2169 895 2213 con-

43 2227 113 2304 yiiis
129 2228 261 2304 omnibus
276 2231 461 2304 contingere,
489 2240 520 2289 ut
543 2247 608 2286 cum
629 2227 695 2286 luna
719 2228 818 2304 pariter
834 2247 895 2290 ere-

0 2313 103 2364 ·cant'
130 2306 285 2380 pariterque
314 2305 491 2365 decrescant:
519 2307 683 2381 arboresque
712 2320 743 2364 ut
770 2305 894 2382 hyemali

15 2397 166 2457 empore,
186 2397 250 2439 cum
267 2381 331 2440 luna
346 2381 425 2442 fimus
439 2381 623 2461 senescentes,
643 2382 707 2457 quia
722 2394 782 2441 tum
805 2384 892 2444 exsic-

1 2519 2 2522 ,
25 2471 82 2517 tae
98 2455 171 2527 stnt,
191 2457 352 2533 tempestive
366 2459 438 2518 caedi
453 2470 590 2536 putentur.
629 2457 707 2531 Quid
731 2458 766 2517 de
792 2458 867 2518 fretis
880 2504 889 2532 ‚
903 2461 940 2527 34
1022 2484 1044 2519 α

0 2547 53 2596 ut
70 2535 112 2595 dc
128 2535 241 2594 marinis
255 2535 361 2595 aestibus
376 2535 453 2614 plura
467 2535 557 2604 dicam
577 2534 589 2593 ἓ
627 2551 749 2612 quorum
772 2533 892 2672 acceisgg

1073 1442 1082 1496 ,f

1 2820 3 2824 ,
32 2794 78 2835 27.
101 2782 137 2824 Ut
147 2781 205 2826 enin
217 2781 267 2840 jam
276 2779 307 2839 fit
322 2782 399 2842 aesr'qua
410 2782 433 2826 in
444 2792 604 2828 saturatorum
614 2777 733 2840 cognatim]
749 2775 814 2827 Libri
824 2792 892 2830 vete·

0 2863 32 2879 w
54 2839 156 2890 habent
171 2846 273 2904 contagio.
306 2849 359 2906 Ego
375 2857 456 2892 tamen
479 2844 537 2892 nihil
556 2854 644 2897 mutor
662 2853 720 2888 nam
732 2843 814 2906 paullo
830 2857 887 2894 ante

4 2906 142 2961 nationis
154 2906 253 2954 nostine
263 2903 315 2956 usus
326 2906 359 2956 est
370 2909 396 2954 in
406 2903 508 2954 eandem
519 2905 659 2955 sententiam
671 2920 678 2951 :
694 2905 740 2960 ibi,
755 2923 802 2952 com
815 2923 888 2954 terion

28 2985 79 3014 fem
99 2979 182 3013 notura
202 2985 268 3032 qoam
281 2974 420 3032 cognationem
431 2976 514 3018 nasot?
532 2975 562 3018 Et
578 2968 641 3017 infra
657 2982 708 3016 non
724 2969 798 3032 longe
814 2968 888 3020 semel
987 3021 988 3027 ,

10 3045 78 3094 que
90 3029 194 3089 iterum,
209 3047 254 3094 qua
268 3047 293 3079 en·
309 3037 426 3093 cognatione
440 3048 520 3083 natura
537 3035 563 3084 sy
576 3031 635 3094 quast
647 3045 823 3096 concentumque
837 3049 888 3087 coto·v

2 3095 60 3155 usn
72 3097 125 3146 &n
145 3091 184 3143 ubi
196 3093 310 3144 mendose
321 3111 395 3160 operar
406 3093 516 3145 fecemntr
528 3096 589 3144 olim
605 3095 734 3156 cogitatione.
768 3091 819 3143 Nisi
831 3095 886 3155 quis

78 3153 173 3216 ubique
187 3162 314 3221 contagionis
325 3171 416 3206 nomen
427 3157 473 3208 esse
484 3155 647 3222 reponendum
660 3191 668 3213 ,
684 3155 716 3204 stc
731 3158 795 3204 enim
808 3155 889 3218 roqui-

48 3219 100 3268 lib.
118 3218 151 3266 de
165 3223 244 3270 Fato:
281 3227 314 3268 vt
332 3227 354 3268 sn
369 3223 461 3285 nn'qons
476 3225 582 3278 eiusmodi
596 3235 676 3268 natm
691 3223 784 3281 contagio
795 3221 893 3278 vaserat,

17 3296 28 3330 t
42 3281 117 3332 insta
127 3279 218 3332 ibidem
229 3299 237 3331 t
251 3288 291 3332 Cui
301 3288 399 3346 primum
411 3286 436 3331 de
452 3287 497 3348 ipso
510 3303 580 3334 rerum
591 3285 709 3345 contagione
719 3282 888 3338 respondeamus,
944 3315 946 3318 -

17 3343 120 3397 anubin.
155 3351 182 3392 sn
190 3359 269 3394 notura
282 3364 354 3394 rerum
365 3351 480 3410 cognatm]
496 3347 719 3398 omnesomnes
732 3344 891 3392 Vistoriscort·

1 3425 4 3436 ·
14 3410 68 3470 gio.
88 3406 129 3456 sed
136 3405 213 3458 facilis
223 3408 256 3458 est
266 3411 338 3458 litera
349 3411 418 3458 unius
435 3409 594 3476 transpositio.
611 3407 890 3475 itaqueLambinusiteie

3 3470 362 3540 mosercitattnsynpuo.
394 3474 484 3523 Gruter.
735 3496 738 3503 ·

1 3579 2 3582 ,
268 3547 270 3553 ⁴
390 3541 551 3604 Trttrrtts
782 3533 901 3600 Μαι..
