2234 3814
211 55 403 124 Lissa
446 13 781 125 bacuntius.
858 55 938 138 3187

31 151 147 235 ¹ffius
159 160 290 249 potestate
304 161 470 253 respublica,
490 171 582 252 neque
596 179 649 238 ego
664 178 712 221 me
725 157 935 250 abdidimeque

37 230 184 306 deserui,
202 255 296 374 ticine
310 239 395 298 afflixi
411 283 420 308 ‚
439 257 530 318 neque
558 253 596 298 ita
616 237 680 314 gessi
697 281 706 310 ,
725 235 800 314 quasi
821 237 932 296 homini

27 322 107 394 „aut
127 314 245 390 tempori
265 311 303 376 us
313 317 412 376 iratus:
440 335 531 395 neque
553 315 590 374 ita
612 314 696 392 porro
718 325 764 376 aut
785 312 930 382 adulatus,

35 398 104 476 aut
119 389 269 450 admiratus
286 394 425 452 fortunam
440 395 497 453 suni
515 392 622 453 alterius
638 434 646 461 ,
665 401 696 450 ut
716 405 763 448 trie
776 386 855 448 dinei
869 396 956 467 pot-d
968 403 1081 458 necarit.

34 475 165 524 niteret.
206 467 234 524 id
249 469 324 526 enim
340 469 425 544 ipsum
448 470 464 529 a
486 469 624 538 Platone,
649 464 874 544 philosophiaque
890 467 931 525 di·
1082 463 1085 474 '

34 537 180 600 diceram
198 585 206 612 ,
226 543 360 604 naturales
380 544 432 630 eise
454 545 585 622 quasdam
617 541 810 600 conversiones
837 559 928 602 rerum
997 543 1001 550 '

32 616 230 754 publicarum
247 662 255 687 ‚
276 633 306 679 nt
322 639 364 680 eae
378 621 469 682 tuma
493 619 658 699 principibus
672 629 848 687 tenerentur,
866 615 928 679 tuin

74 695 217 770 populis,
237 697 385 776 aliquando
399 699 415 757 i
432 698 548 772 singulis.

86 769 188 858 Quod
204 769 268 830 cum
284 772 420 834 accidisset
434 775 533 834 nosttae
547 773 725 849 reipublicae‚‘
740 781 800 830 tuni
816 770 952 856 pristinis7

34 845 144 906 osbati
159 849 320 909 muneribus
332 851 401 910 'haec
422 852 506 909 studia
528 865 662 909 renovare
678 849 832 923 coepimus,
852 859 883 905 ut
897 849 928 908 ὃς

33 924 165 984 animus
181 925 310 986 molestiis
330 927 382 986 hac
400 927 568 1003 potissimum
590 943 619 984 re
639 927 801 992 leuaretur,
821 923 850 981 &
864 939 929 999 pto·

36 995 197 1086 adessemus
210 1001 315 1062 civibus
331 1003 425 1067 nostris
447 1021 501 1082 qua
521 1021 550 1062 re
572 1019 694 1080 cunique
708 997 856 1077 possemus.
895 999 930 1060 In

36 1073 124 1136 libris
140 1078 219 1137 enim
233 1077 394 1139 sententiam
409 1079 587 1150 dicebamus,
608 1075 929 1152 concionabamur,phi·

36 1150 212 1228 losophiam
227 1155 306 1214 nobis
320 1173 371 1234 pro
381 1156 537 1233 reipublicae
551 1151 745 1236 procuratione
760 1151 927 1212 substitutam

35 1229 229 1303 putabamus.
267 1231 375 1306 Nunc,
409 1235 543 1312 quoniam
571 1232 606 1292 de
634 1231 771 1309 republica
800 1227 927 1288 sconsuii

36 1309 139 1381 coepti
164 1307 279 1379 sumus,
299 1309 462 1370 etribuenda
490 1307 528 1369 est
560 1325 645 1386 opera
670 1307 853 1383 reipublicae,
879 1305 949 1364 veie
964 1299 1042 1378 ἔξω·

1 1453 5 1460 ¹
38 1385 148 1442 omnis
165 1384 256 1460 potids
270 1387 299 1454 in
315 1403 347 1444 ea
372 1387 505 1464 cogitatio
520 1387 550 1444 dc
572 1401 636 1443 cura
650 1383 794 1460 ponenda:
816 1363 985 1442 tantsim'⁶¹'¹‘

39 1457 120 1517 huic
134 1460 226 1521 studio
239 1463 452 1540 relinquendum
468 1504 477 1533 ,
496 1475 630 1538 quantum
647 1460 754 1521 vacabit
775 1459 792 1518 d
813 1457 925 1535 publico

39 1533 153 1622 officio
169 1539 197 1596 ἃ
210 1555 334 1614 munere.
355 1539 408 1599 Sed
422 1540 483 1598 haec
497 1539 560 1597 aliis
573 1537 691 1616 pluribus
705 1556 714 1595 ε
735 1552 810 1595 nunc
834 1534 870 1595 ad
883 1536 928 1594 in·

1 1692 3 1698 y
40 1609 178 1672 stitutam
194 1613 406 1690 disputationem
422 1629 599 1676 revertamur.

1 1717 12 1752 ¹,
85 1687 145 1748 sil.
168 1690 253 1753 Nun
275 1691 347 1751 chin
367 1693 402 1752 de
428 1691 598 1752 divinatione
628 1691 750 1766 Quintus
781 1689 864 1749 frater
890 1689 952 1750 ea8

37 1763 238 1841 disseruisset,
259 1785 323 1848 quae
344 1765 480 1846 superiore
500 1769 570 1828 libro
590 1766 684 1844 scripta
704 1767 789 1842 sunt,
808 1765 923 1843 satisque
951 1768 976 1817 P·
991 1768 1043 1818 CX·

1 1856 15 1884 ⁵·
38 1843 226 1924 ambulatum
241 1846 464 1915 videretur‚tum
479 1845 508 1904 in
522 1844 687 1904 bibliotheca
697 1845 814 1920 squaein
824 1842 924 1920 Lyceo

39 1919 103 1990 etr,
128 1917 284 1984 assedimus.
324 1923 363 1990 At
384 1939 419 1980 ue
432 1940 503 1998 ego,
523 1919 659 1979 Accusare
672 1931 704 1980 tu
725 1917 863 1996 quidem,
883 1919 928 1978 in-

1 2014 2 2019 ¹
63 2013 159 2067 uam,
182 1997 305 2073 Quirite,
325 1941 463 2058 &diuite
480 1997 637 2057 Stoicorum
652 1994 815 2054 sententiam
830 1993 929 2053 defen·
960 1995 965 2004 '
1068 2055 1072 2066 ,

37 2015 127 2133 disti:
150 2073 284 2152 quodque
307 2091 355 2135 me
376 2075 498 2134 maxime
518 2071 660 2146 delebat,
687 2071 808 2148 plurimis
824 2070 927 2130 nostris
1070 2075 1073 2082 '

35 2151 188 2227 exemplis
202 2150 260 2210 risus
276 2169 320 2222 esj
340 2153 370 2210 bt
384 2153 415 2210 iis
429 2151 542 2230 quidem
559 2149 633 2208 claris
649 2149 679 2206 dc
692 2147 842 2206 illustribus.
872 2145 927 2205 Di·
992 2153 997 2162 '

37 2227 178 2288 cendum
194 2225 230 2285 est
244 2229 312 2286 mihi
325 2230 406 2304 igitur
420 2229 455 2286 ad
469 2245 525 2299 ea,
545 2243 610 2303 quae
623 2225 684 2284 sunt
698 2224 713 2284 i
728 2237 756 2282 te
770 2222 859 2294 (lisia,
879 2221 925 2284 sed
948 2233 950 2238 '

38 2308 103 2374 ita,
125 2301 197 2362 nihil
212 2315 243 2371 ut
255 2305 409 2373 affirmem,
429 2321 553 2380 quaeram
572 2303 695 2371 omnia,
715 2299 839 2363 dubitans
866 2300 927 2375 ples

38 2397 193 2464 rumque,
213 2381 243 2438 bc
264 2383 333 2440 mihi
352 2381 407 2464 ipse
428 2379 560 2441 diffidens.
601 2378 711 2438 sienim
735 2375 837 2454 aliquid
858 2376 927 2435 certi

36 2460 203 2524 haberem,
223 2457 301 2536 quod
315 2457 454 2526 dicetem3
476 2473 529 2536 ego
544 2455 599 2534 ipse
612 2455 784 2526 diuinarem,
804 2454 852 2532 qui
871 2449 926 2510 elle

39 2533 256 2595 divinationem
271 2551 354 2609 nego.
915 2541 971 2574 θ

83 2611 207 2670 Etenim
224 2627 271 2666 me
291 2622 389 2670 movet
407 2609 497 2678 illud,
516 2607 595 2684 quod
614 2607 643 2666 in
663 2605 757 2682 primis
771 2602 954 2680 Carneadesp

37 2702 180 2768 quaerere
201 2683 323 2756 solebat,
350 2703 533 2762 quarumnam
556 2701 649 2744 rerum
678 2683 812 2742 divinatio
834 2677 923 2740 esset:

20 2766 222 2842 ,fearumne,
241 2779 305 2838 quae
324 2762 440 2822 sensibus
458 2757 681 2837 perciperentur?
701 2759 741 2818 At
755 2756 1067 2835 easquidemquunpne

36 2841 192 2902 cernimus
210 2880 217 2905 ‚
238 2840 387 2908 audimus,
406 2839 542 2913 gustamus
556 2880 565 2907 ‚
579 2836 731 2906 *olfacimus
747 2877 757 2904 ‚
776 2837 923 2911 tangimus.
931 2820 1061 2870 ΝΜΟ·

39 2913 204 2992 Numquid
216 2932 282 2992 ergo
296 2918 325 2977 in
340 2917 371 2976 iis
385 2918 465 2976 rebus
480 2915 517 2978 eil
532 2958 541 2986 ‚
560 2912 639 2992 quod
658 2911 834 2990 provisione,
855 2898 1045 3008 niihil?

857 3005 924 3064 ΡΨ
934 3010 1010 3060 ami.

75 3167 105 3208 4.
124 3145 208 3204 consuli
219 3150 336 3210 repimus]
351 3145 453 3203 Veneti,
470 3146 550 3208 consuli
564 3143 715 3208 coptsfiamus.
739 3145 797 3206 Qua
808 3137 884 3202 figssta
899 3139 926 3189 dc

43 3211 110 3262 alibi
123 3211 238 3274 reperitur
248 3212 271 3259 iii
283 3213 349 3276 script
369 3211 512 3260 Ciceronis.
546 3215 655 3256 carneres.
769 3249 775 3253 .
851 3263 857 3274 ,

83 3289 107 3330 ς.
127 3281 182 3320 Ans
193 3278 341 3336 parmisiano]
396 3288 501 3334 unquam
523 3269 627 3320 dubitavi
642 3303 649 3324 ‚
666 3267 724 3332 quin
743 3277 798 3314 veta
817 3261 929 3326 scriptura
957 3282 964 3308 i

43 3334 132 3391 §uisset
145 3340 287 3397 priuatione,
302 3337 332 3387 de
342 3351 389 3400 qua
403 3338 445 3386 illa
457 3335 580 3391 flexissem
597 3345 673 3396 neque
688 3342 751 3381 uuus
767 3326 821 3379 saue
836 3337 928 3380 mutate
1014 3325 1018 3334 ’

45 3399 312 3466 senteutiampoisuin.
346 3403 415 3453 Idem.
862 3411 865 3418 ’
912 3412 915 3420 ·

432 3463 483 3512 Sss
499 3477 539 3511 sss
556 3474 623 3515 isse
838 3457 860 3501 ⁴·
878 3454 932 3498 Μ
