2268 3846
193 61 283 140 ”²96⁶
406 64 468 128 Dr
489 62 687 130 Nnruan
708 51 903 132 &rotun

200 172 308 248 inquit,
327 175 406 250 quod
439 179 526 238 animi
557 180 690 256 quodque
711 182 823 241 rationis
845 181 1022 254 ostermere,
1040 175 1073 238 id

201 263 333 334 generare
348 271 382 312 ex
397 251 423 310 se
436 256 525 328 potell
547 259 719 316 animantem
745 269 964 332 compotemque
985 257 1074 316 ration

203 342 254 412 nn.
294 329 416 413 Mundus
438 343 530 390 autem
552 347 665 408 generat
693 336 845 394 animantes
871 343 1076 408 compotesque

200 414 322 463 rationis.
341 405 464 465 animans
478 408 610 484 elligitur
624 409 743 470 mundus
763 423 937 486 composque
952 410 1076 468 rationis.

28 551 30 554 Ι
90 482 117 532 ι.
136 479 163 534 Β,
203 476 340 555 Idemque
355 481 547 553 fimilitudine,
567 499 598 544 ut
610 485 683 560 saepe
695 486 786 556 solet,
806 488 943 552 rationem
958 485 1077 544 conclu-

205 552 238 612 stt
252 553 307 614 hoc
320 560 424 618 modo:
446 560 473 618 Si
489 579 522 619 ex
539 560 613 620 oliva
627 561 770 622 modulate
780 576 913 624 canentes
928 562 1002 622 tibiae
1023 578 1077 621 na·

205 630 359 692 sectentur:
379 654 446 694 num
462 637 620 706 dubitares,
640 639 707 716 quin
720 637 815 698 ineffet
828 641 858 698 in
877 637 952 698 oliva
975 637 1080 694 iruul-

6 753 13 766 s
54 739 71 774 ι
83 721 128 769 atti
194 709 272 781 cirris
286 712 414 787 quaedam
429 712 559 772 scientia?
579 714 676 788 ²Quid
693 757 701 782 ,
721 714 741 774 st
760 716 860 790 platani
879 713 999 774 fidiculas
1022 713 1082 772 fer-

5 833 6 836 ι
53 780 266 861 ouodfifimrent
281 786 427 848 numerose
441 789 588 848 sonantes?
607 791 682 850 idem
696 791 797 866 scilicet
810 790 932 850 censeres
947 832 954 858 ,
975 789 1003 846 in
1019 789 1083 864 pla·

25 869 29 876 ·
53 862 152 912 mnrrog.
205 865 274 920 tanis
289 863 372 923 inelle
387 865 529 925 musicam.
569 868 627 925 Cur
639 866 720 944 igitu'r
735 868 854 926 mundus
868 886 925 926 non
951 866 1081 924 animans

131 1004 135 1012 ¹
204 938 364 1016 sapiensque
381 941 545 1016 judicetur,
585 943 650 1002 cum
673 961 708 1003 ex
728 943 755 1003 se
776 957 902 1020 procreet
922 945 1082 1002 animantes

206 1029 290 1090 atque
305 1017 458 1091 sapientes?
897 1021 900 1032 '

159 1114 196 1174 23
246 1093 295 1152 IX.
314 1095 388 1152 San
411 1113 593 1176 (ιυοιιιιιι
608 1099 680 1172 coepi
694 1097 771 1158 secus
782 1107 982 1173 agam-atque
994 1095 1082 1152 initio

206 1168 354 1230 dixeram:
374 1189 501 1262 negaram
525 1175 599 1232 enim
620 1175 692 1234 hanc
721 1176 838 1248 primam
859 1184 965 1250 partem
995 1188 1084 1246 egere
1122 1216 1126 1231 ‚

207 1247 354 1318 oratione,
373 1249 450 1324 quod
467 1247 532 1308 eilet
547 1250 675 1310 omnibus
697 1251 894 1327 perspicuum,
912 1248 982 1308 deos
1006 1243 1082 1305 ell'e:

207 1333 303 1381 tamen
316 1322 344 1381 id
358 1324 445 1399 ipsum
459 1327 608 1386 rationibus
622 1325 737 1404 physicis
752 1325 908 1386 confirmari
924 1325 1001 1382 volo.
1042 1323 1082 1382 sle

208 1399 287 1458 enim·
300 1417 341 1458 tes
352 1400 379 1460 se
394 1401 492 1470 habet,
512 1415 542 1461 ut
556 1405 670 1472 omnia,
689 1421 753 1478 quae
768 1405 873 1462 alantur
896 1402 928 1460 oc
944 1398 1083 1469 crescant,

208 1476 371 1535 contineant
384 1478 412 1536 in
427 1475 453 1535 se
469 1480 526 1536 vim
542 1481 653 1540 caloris:
674 1478 729 1540 stne
743 1495 797 1555 qua
811 1495 902 1554 neque
909 1478 944 1536 ali
958 1473 1084 1550 poffertt,

209 1567 304 1626 neque
325 1553 453 1612 crescere.
493 1556 566 1614 Nam
591 1570 703 1626 omne;
743 1554 801 1616 uod
822 1555 859 1613 est
893 1554 1022 1613 calidum
1051 1554 1084 1610 δι

208 1627 343 1700 igneum,
370 1631 459 1688 rietur
486 1633 515 1690 &
530 1633 617 1707 agitur
631 1574 784 1692 motuguo.
822 1629 901 1707 quod
921 1643 1016 1688 autem
1032 1629 1085 1688 ali·

209 1715 255 1762 tur
281 1706 311 1764 Sc
332 1706 444 1773 crescit.
462 1722 544 1766 motu
558 1707 682 1784 quodam
703 1710 787 1770 utitur
808 1721 886 1768 certo
907 1707 936 1764 ὃ(
958 1705 1090 1780 aequabi·
1131 1757 1132 1772 2

212 1780 248 1838 lt:
269 1783 316 1858 qui
330 1783 463 1857 quamdiu
478 1797 603 1844 remanet
625 1786 653 1843 in
673 1785 777 1852 nobis,
804 1783 913 1844 tamdiu
933 1781 1023 1842 sensus
1051 1783 1085 1840 δι
1127 1805 1132 1881 q

209 1859 265 1916 uita
281 1871 407 1918 remanet
414 1882 423 1927 ;
444 1861 603 1936 refrigerato
625 1872 718 1919 autem
751 1861 781 1921 δε
822 1858 955 1918 exstincto
987 1857 1094 1918 calore·
1130 1881 1131 1886 ¹

192 1929 363 1994 -'occidimus
384 1917 432 2010 ipff
453 1939 482 1996 &
499 1931 709 2012 'exstinguimur
784 1991 786 1996 ,
918 1987 922 1992 .
1129 1931 1131 1950 ¹

165 2045 202 2101 24
248 2012 356 2086 aQuod
370 2013 484 2088 quidem
499 2014 647 2072 Cleanthes
659 2014 700 2073 his
709 2014 793 2072 etiam
807 2009 1084 2089 argumentisdocet,
1127 2047 1131 2086 ι

59 2105 183 2164 ,nqup
210 2101 313 2164 quanta
328 2089 368 2146 vis
389 2088 451 2148 insit
473 2089 568 2147 caloris
592 2091 619 2146 in
641 2091 720 2148 omni
742 2107 869 2165 corpore.
906 2100 988 2162 negat
1004 2087 1085 2144 enim
1129 2099 1131 2122 ³

59 2169 177 2218 demerit.
210 2165 297 2222 ullum
312 2163 365 2222 elle
380 2165 473 2224 cibum
487 2177 544 2228 tam
565 2183 678 2240 gravem
696 2207 704 2233 ,
724 2167 791 2240 quin
815 2167 836 2224 is
860 2164 904 2222 die
937 2165 967 2222 ὅ(
994 2161 1085 2225 noete
1130 2209 1131 2216 l

210 2253 423 2318 concoquatur:
443 2242 521 2318 cujus
543 2246 627 2300 etiam
649 2243 677 2300 in
701 2241 819 2317 reliquiis
841 2241 907 2300 inest
928 2237 1002 2298 calor
1027 2237 1085 2306 iis,
1130 2277 1131 2280 η

210 2334 277 2392 quas
292 2329 386 2375 natura
401 2315 538 2392 respuerit.
575 2319 635 2390 Jam
664 2319 731 2376 verb
756 2336 836 2378 verrae
856 2315 1014 2378 &arteriae
1031 2315 1087 2374 mi·
1129 2321 1131 2376 i

210 2410 272 2451 care
287 2411 345 2450 non
361 2392 503 2457 delinunr.
517 2394 591 2469 quasi
605 2395 728 2470 quodam
744 2395 827 2473 igneo
841 2407 938 2454 motu:
958 2390 1087 2450 animad-
1120 2379 1131 2460 ,ἰ

207 2467 373 2546 versumque
387 2469 518 2543 saepeest,
539 2469 602 2527 curn
618 2489 667 2528 cor
682 2472 826 2530 animantia
840 2469 953 2542 alicujus
966 2477 992 2522 tt
1002 2467 1085 2525 evul-
1126 2451 1130 2528 l

208 2544 287 2613 sum,
306 2546 497 2604 immobiliter
515 2546 672 2622 palpitaret,
693 2559 723 2604 ut
737 2548 889 2606 imitaretur
910 2548 1022 2626 igneam
1038 2561 1087 2601 ce·
1125 2549 1130 2620 ι

207 2621 353 2684 imitatem
392 2623 490 2682 Omne
505 2623 602 2696 igitur,
623 2623 699 2698 quod
721 2625 806 2692 vivit,
828 2619 1085 2689 siveanimrl,s1ve

210 2695 281 2758 terri
295 2698 419 2772 editum,
439 2700 467 2760 td
484 2701 552 2767 vnit
565 2713 677 2775 propter
697 2698 832 2762 inclusum
854 2700 934 2760 ineo
948 2697 1084 2831 caloregr.
1127 2689 1130 2766 ¹}

170 2792 179 2802 .
1067 2791 1085 2830 x
1129 2785 1130 2798 i

1122 2925 1130 2946 cl

240 2977 277 3022 ³4·
295 2963 504 3026 Tibicim'squadam
513 2966 626 3024 scientia]
656 2963 734 3014 Video
750 2963 779 3012 ab
797 2961 905 3014 victorio
925 2959 1084 3010 editumritr'-
1128 2979 1129 2986 ι

209 3027 267 3080 rint,
283 3040 326 3074 nec
338 3025 406 3074 aliter
414 3025 497 3075 inveni
508 3028 533 3076 ia
543 3028 684 3078 membrana
695 3025 835 3076 Bussidiana.
857 3030 886 3076 Et
897 3037 993 3080 vercor,
1010 3036 1040 3070 r·
1052 3020 1082 3070 ει
1120 3027 1129 3084 a

211 3085 1012 3152 meliusicgenuinum.Utenirnmoxait,ineffemufium,ficnuncvz'
1076 3099 1083 3134 ι
1121 3095 1129 3116 '¹

210 3162 285 3200 anem
294 3151 369 3212 ipsam
379 3151 525 3212 expreffitl'e,
541 3167 566 3202 ut
577 3153 641 3203 dista
654 3153 723 3202 abeo
733 3152 1007 3212 fuerit‚ribicim'sciemia
1076 3163 1083 3193 ι
1127 3153 1129 3164 ·

210 3209 399 3269 tibicinii,more
409 3213 522 3267 scribendi
533 3230 607 3274 noto,
624 3229 649 3264 ut
660 3217 685 3264 in
696 3213 852 3276 finemajorti:
877 3222 886 3225 “·
917 3211 929 3226 '
1128 3229 1129 3232 ¹

209 3287 273 3326 retur
282 3291 325 3338 pro
336 3277 507 3340 geminatione.
540 3284 637 3328 Gronov.

241 3350 280 3392 ιι.
297 3339 425 3401 Evutficml
453 3343 560 3406 Evulsum
580 3339 614 3396 est
629 3343 655 3392 ia
670 3340 824 3398 vaustiffimo
839 3340 939 3400 litun,⁴
1075 3345 1083 3385 t
1127 3341 1129 3350 ²

198 3393 391 3467 'Quintiiliauua
422 3405 497 3468 vrstn.
