2234 3814
173 73 255 151 3¹90
332 38 900 128 Du'D'rvrrrnrro'urr

172 160 226 221 esse
242 178 335 221 earum
350 179 442 222 rerum
457 161 667 239 praedidionem
692 163 724 221 δε
737 157 982 237 praesenfioneni
997 167 1093 242 ,quae

176 236 262 298 essent
277 241 406 298 fortuirae.
425 239 548 299 Primum
563 239 665 296 eodem
680 239 840 297 revolveris.
859 254 943 296 narn
963 241 1002 298 &
1022 257 1090 299 me·

177 314 256 388 dici,
277 317 306 372 ὅ(
319 316 523 391 gubernatoris,
543 315 760 390 &imperatoris
780 312 945 390 praesenfio
974 315 1023 374 est
1047 321 1092 378 re·

179 406 241 447 nunt
260 391 444 454 fortuitarum.
483 393 560 450 Num
574 393 654 472 igitur
667 402 715 448 aut
729 391 884 465 haruspex,
906 401 970 452 aut
981 409 1092 468 augur,

181 480 228 524 aut
243 481 318 526 vates
332 471 407 543 quis,
428 479 476 526 aut
495 468 633 534 somnians
652 465 749 525 melidis
771 467 940 542 conjecerit
960 509 972 536 ‚
998 482 1057 528 aut
1075 468 1111 530 d'

31 567 59 610 m
79 547 175 616 scopulo
185 543 285 606 morbo
306 543 449 603 evasurum
471 559 633 622 aegrotum,
660 555 706 601 aut
729 541 745 602 ὲ
765 544 930 620 mpericulo
948 561 1091 616 navem,

28 621 83 669 asii-
186 630 233 676 aut
247 638 283 677 ex
296 619 396 679 insidiis
410 624 578 688 exereitum
599 619 685 702 qu'am
701 617 844 689 medicus,
865 618 972 699 qudm
983 621 1094 699 guber·

185 709 281 765 nator,
301 698 385 774 quim
400 695 569 774 imperator?

143 786 179 842 14
226 775 313 848 Atqui
327 793 362 832 ne
374 773 418 850 ilia
432 773 544 850 quidem
562 773 707 832 divinantis
722 771 776 830 esse
792 771 925 832 dicebas:
954 785 1089 846 ventos,

95 871 98 874 ·
188 861 236 906 aut
250 850 349 916 imbres
362 851 553 926 impendentes
566 851 727 926 quibusdam
743 849 903 929 praesentire
923 848 1035 926 signis.
1062 854 1091 912 in

190 943 248 1000 quo
261 926 349 985 nostra
364 927 493 1010 quaedam
509 930 607 985 Aratea
621 927 783 983 memoriter
804 925 820 986 a
835 938 864 982 te
886 929 1091 1003 pronuntiata

189 1001 259 1061 sunt.
298 1002 345 1066 ersa
359 1005 421 1060 haec
434 1003 487 1078 ipsa
501 1003 612 1062 fortuita
626 1001 695 1060 sunt.
714 1001 882 1077 plerumque
904 1003 1001 1062 enim
1025 1023 1089 1064 non

190 1077 298 1152 semper
308 1071 453 1137 eveniunt.
490 1081 565 1154 Quae
579 1079 616 1136 est
629 1079 726 1152 igitur,
746 1090 793 1136 aut
807 1077 854 1136 ubi
871 1078 1014 1139 versatur
1030 1081 1092 1140 for-

93 1181 95 1189 *
191 1155 322 1222 mirarum
337 1145 428 1212 reruin
440 1151 586 1232 praesensio
603 1198 612 1224 ,
631 1171 716 1230 quam
732 1151 947 1214 divinationem
975 1156 1091 1220 vocas?

194 1247 259 1306 quae
274 1230 349 1288 enim
364 1229 511 1306 praesentiri
533 1245 580 1291 aut
600 1243 680 1298 arte,
714 1243 763 1292 aut
782 1231 921 1300 ratione,
946 1245 1000 1291 aut
1015 1234 1092 1308 usu,

195 1319 241 1364 aut
255 1305 413 1382 conjediurd
427 1305 554 1384 possunt,
574 1325 680 1366 canon
695 1305 794 1365 divinis
809 1307 968 1366 tribuenda
982 1322 1089 1388 putas,

194 1381 241 1440 sed
256 1381 354 1458 peritis'.
392 1385 433 1443 lta'
448 1385 609 1462 relinquitur
617 1381 676 1453 ,⁸ut
696 1401 729 1444 ea
745 1383 857 1442 fortuita
874 1382 1011 1445 divinari
1024 1387 1094 1462 pos·

94 1499 101 1516 .
142 1497 149 1512 .
199 1457 267 1528 sint,
287 1477 351 1534 quae
365 1461 437 1519 nulla
459 1478 513 1522 nee
529 1473 610 1528 arte,
629 1477 682 1520 nec
703 1459 728 1518 sa
750 1458 832 1518 ientid
851 1461 1015 1535 provideri
1029 1464 1095 1538 pos·

199 1533 275 1595 sunt:
297 1549 344 1605 ut,
365 1536 458 1614 saquis
473 1539 514 1596 Μ.
528 1537 694 1597 Marcellum
715 1478 792 1594 isdum
811 1579 819 1603 ,
839 1537 888 1614 qui
903 1547 967 1616 Ater
993 1539 1093 1600 consul

199 1609 269 1680 suit,
289 1613 381 1680 multis
394 1614 471 1686 annis
485 1611 548 1672 ante
565 1611 671 1672 dixisset
683 1612 827 1688 naufragio
841 1608 897 1670 esse
907 1616 1093 1688 periturum

200 1686 344 1747 divinasset
362 1687 500 1764 ρῑοῑεέὶὸ,Ι
538 1689 612 1750 nulla
640 1691 716 1748 enim
736 1701 793 1748 arte
816 1685 866 1752 asia
887 1689 946 1760 id,
971 1710 1035 1752 nec
1057 1693 1096 1754 sa·

202 1765 304 1839 pientia
317 1764 383 1823 scire
405 1763 541 1842 potuisset.
581 1765 696 1824 Talium
719 1783 785 1842 ergo
809 1781 929 1834 return,
972 1771 1096 1846 quaeiu

203 1842 314 1900 fortuna
330 1842 425 1918 posrtae
438 1843 515 1913 sunt,
535 1841 697 1919 praesenso,
717 1841 851 1906 divinatio
872 1841 921 1900 est.

158 1923 191 1982 15
239 1919 292 1976 VI.
312 1917 518 1980 Pornsrnn
539 1920 622 1997 igitur¹
641 1935 736 1978 earum
764 1935 881 1985 rerum,
912 1936 993 1996 quae
1026 1925 1096 1986 nibil

202 1993 304 2068 habent
317 1995 446 2067 rationis,
466 2014 550 2077 quare
566 1997 664 2055 futurae
680 1993 747 2062 sint,
767 1993 820 2053 ulla
834 1991 888 2053 esse
903 1999 1095 2070 praesensio?

202 2071 328 2148 quidest
350 2075 424 2132 enim
447 2073 519 2132 aliud
542 2075 620 2143 fors,
646 2071 713 2148 quid
734 2071 864 2141 fortuna,
891 2073 971 2150 quid
997 2078 1093 2148 casus,

205 2148 274 2231 quid
288 2161 420 2228 eventus,
439 2149 489 2209 nis1
503 2149 568 2208 cinn
581 2147 618 2207 sie
637 2147 739 2224 aliquid
761 2148 885 2218 cecidit,
911 2147 956 2207 fic
974 2156 1093 2231 evenit,

205 2237 238 2282 ut
256 2225 333 2283 ¹⁰vei
348 2243 407 2284 non
422 2227 519 2285 cadere
547 2237 630 2304 atque
650 2226 762 2284 evenire
785 2267 793 2291 ,
814 2224 859 2282 vel
879 2225 967 2284 aliter
992 2233 1094 2292 cadere

207 2311 292 2376 atque
306 2303 417 2370 evenire
431 2301 572 2378 potuerit?
592 2299 753 2380 quomodo
774 2317 840 2436 εᾟο
861 2299 889 2360 id
906 2343 915 2376 2
937 2309 1094 2382 quod'te·

208 2393 286 2434 mere
301 2375 333 2435 fit
347 2394 424 2436 eaeco
439 2378 518 2447 easu,
539 2380 569 2438 δε
585 2391 609 2421 ¹¹
620 2377 789 2453 volubiiitate
818 2389 951 2451 ortunae,
969 2383 1095 2456 praesen·

207 2454 252 2516 tin
279 2453 309 2512 δε
335 2454 447 2530 praedici
466 2454 575 2534 potest?
661 2461 664 2469 '

1035 2539 1097 2600 Me·

172 2758 176 2767 ·
243 2714 280 2750 ro.
297 2701 335 2748 Vei
345 2717 385 2753 non
394 2700 466 2751 eadm
477 2712 540 2766 arque
551 2699 655 2760 tumim]
670 2698 728 2752 ralt.
739 2697 850 2755 meliores
864 2733 871 2757 ,
883 2699 932 2750 boc
942 2701 992 2754 est.
1012 2716 1052 2764 pr.
1070 2705 1094 2753 u

211 2759 255 2815 sec.
272 2763 331 2824 nibil
347 2764 431 2812 horum
448 2764 553 2820 habent,
567 2805 569 2810 ,
582 2779 658 2828 neque
678 2765 813 2828 agnoscunt*
823 2763 974 2814 membrana
998 2767 1093 2816 ritboei.

211 2824 323 2885 equidem
334 2827 372 2878 vel
382 2842 410 2877 ea
422 2841 516 2890 propter
527 2823 630 2892 susped‘ta
640 2825 699 2876 mihi
710 2826 769 2877 sunt.
786 2829 874 2877 Gruter.
909 2829 947 2873 Vel
960 2845 1005 2874 mn
1021 2833 1095 2876 eaden

210 2901 275 2951 arque
286 2893 389 2946 evenire]
405 2895 481 2943 Hasce
491 2905 561 2940 tores
572 2891 751 2954 pretermirtunt
765 2889 824 2948 siria
836 2891 862 2940 δι
879 2890 938 2939 Pais.
952 2893 1032 2954 prim,
1053 2893 1094 2940 sec.
1111 2918 1112 2921 =

211 2963 355 3014 quapropter
366 2965 404 3000 eas
417 2967 431 3005 a
441 2953 506 3010 mala
517 2967 590 3002 manu
600 2951 668 3006 fuisse
678 2951 800 3016 suspicatus
813 2951 846 3002 est
858 2955 985 3006 Gruterus.
1023 2960 1059 3004 At
1071 2956 1094 3004 io

211 3015 307 3077 teiiquis
317 3027 455 3126 comlparent
469 3016 565 3072 nstris.
583 3019 608 3066 δι
620 3013 691 3064 sensui
702 3016 848 3078 complendo
867 3015 918 3065 sunt
936 3014 1096 3070 maest-²2,

211 3091 271 3151 quas
282 3077 313 3125 ob
323 3088 365 3126 cau
377 3091 401 3130 as
411 3079 513 3127 omnino
524 3075 575 3128 sunt
587 3079 721 3128 retinendae.
755 3079 818 3140 Qrid
842 3076 872 3128 de
890 3079 971 3128 sortur
1063 3093 1098 3126 or·

143 3181 150 3193 ,
211 3154 259 3189 rint
271 3139 418 3204 philosophi,
433 3141 511 3196 videre
521 3142 575 3192 licet
587 3141 647 3206 apud
659 3141 809 3191 Plutarchum
820 3140 851 3190 de
861 3143 931 3192 flacit
959 3143 963 3152 '
1063 3157 1094 3206 ap.

215 3219 252 3257 29.
270 3207 296 3254 δι
306 3203 487 3254 ‘theodoretum
497 3205 599 3270 Therap.
611 3220 647 3254 vr.
663 3221 687 3271 p,
697 3215 733 3253 ετ,
768 3205 850 3266 Davis.

248 3281 285 3316 n.
304 3269 440 3316 Volubilr'tate
448 3267 562 3329 fhrtuu.]
589 3270 658 3318 Liber
668 3275 688 3317 S.
701 3268 803 3316 Vistoris
814 3270 933 3318 nobilitate,
954 3303 990 3331 „¹-
1063 3281 1093 3316 tu·

213 3327 564 3400 tatin'mositiureGulielmius.
580 3331 832 3400 sedmalimaiterum,
848 3331 991 3388 firmaretur
1063 3343 1096 3388 rur,

165 3433 166 3438 ,
213 3388 336 3450 triremis.
367 3395 458 3452 Gruter,
487 3403 491 3410 ·
688 3420 694 3432 2
780 3421 783 3426 -
881 3407 894 3438 ι

632 3461 708 3511 *J
1063 3453 1092 3520 m·
