2268 3846
3 3189 8 3218 l

119 191 120 194 =
188 167 268 238 304:
357 122 434 213 'De
455 145 655 216 Narona
677 141 876 210 Dnonura

68 265 95 322 ι,
113 267 143 318 n.
187 253 287 323 molles
302 254 491 327 commissuras
518 257 549 316 δι
579 267 650 326 artus
666 294 675 321 ,
694 251 772 312 nullo
792 253 822 312 in
850 260 932 312 motu
951 250 1070 316 laborat.

143 397 148 407 ¹
189 327 287 407 ltaque
302 331 336 390 ad
351 323 541 408 pingendum,
561 333 595 390 ad
609 329 770 406 fingendum
789 327 852 414 ,ad
870 327 1071 405 scalpendum,

189 401 225 467 ad
245 419 397 466 nervorum
428 408 579 469 eliciendos
600 407 684 468 sonos
701 423 734 464 ae
762 405 895 464 tibiarum
917 424 933 464 a
952 417 980 466 ta
1006 424 1072 466 ma-

189 498 241 540 nus
255 481 310 552 est,
331 483 495 546 admotione
509 485 671 559 digitorum.
708 482 804 558 Atque
823 482 887 542 haec
902 424 1071 544 oblectatio-

185 558 248 617 nis:
268 557 312 618 illa
326 561 488 622 necessitatis
505 584 514 630 ;
534 561 623 620 uultus
646 558 710 619 dico
739 573 870 634 agrorum
886 559 1072 619 ‘exstruettoa

189 651 295 712 nesque
310 637 467 709 reflorum,
487 648 649 714 tegumenta
669 651 820 709 corporum
843 635 890 695 uel
903 647 996 704 texta,
1017 635 1069 696 vel

188 709 266 782 suta,
286 729 461 792 omnemque
475 715 605 774 fabricam
620 713 680 771 aeris
700 713 730 770 br
750 711 816 770 ferri
832 731 840 768 ι
861 707 968 788 exquo
981 712 1070 772 intel-

188 785 305 862 ligitur,
324 791 474 851 adinvcnta
488 793 608 858 animo,
628 799 756 865 percepta
775 785 894 848 sensibus
909 831 919 858 ,
937 788 1071 850 adhibitis

189 864 324 938 opificum
340 869 465 928 manibus
479 869 575 928 omnia
589 885 642 926 nos
663 865 827 925 consecutor
843 907 852 933 ,
876 876 909 923 ut
922 864 988 924 teeti
1004 908 1013 935 ,
1033 878 1069 926 ut

37 941 297 1020 fpoffenusvestiti,
317 956 348 1003 ut
361 944 425 1004 falvi
441 941 494 1004 eise
508 943 672 1020 fpoffimur:
690 941 791 1012 urbes,
810 958 923 1012 murus,
942 941 1070 1003 domici·
1119 977 1121 986 ι

40 1020 118 1072 aab.
189 1014 243 1090 lia,
263 1017 374 1082 delubra
387 1022 559 1082 haberemus.
1049 1085 1052 1091 ,

130 1125 181 1192 ¹51
219 1097 290 1182 ,lam
305 1096 373 1156 v'erb
388 1098 537 1174 :operibus
551 1097 720 1166 hominurn,
737 1091 767 1154 id
783 1085 821 1154 eil
847 1093 992 1183 manibus,
1008 1095 1067 1156 cibi

189 1175 564 1310 :urrunnu
584 1175 723 1312 :sn
744 1173 834 1308 stnr

39 1314 58 1364 ¹¹
72 1312 173 1368 *ΕΜ
191 1325 238 1383 vel
252 1325 419 1387 mandentur
432 1269 544 1388 §ondita
558 1269 693 1387 destinari.
729 1325 767 1386 Et
782 1339 915 1402 praeterea
928 1291 1069 1385 vescimur’

31 1379 113 1443 [ω’
191 1397 280 1462 bestiis
295 1405 325 1462 &
337 1405 468 1475 terrenis,
489 1407 518 1463 ὃ(
533 1403 712 1480 aquatilibus,
727 1401 757 1461 δι
771 1401 943 1472 volatilibus,
962 1403 1062 1478 partim

191 1479 344 1554 capiendo,
366 1483 463 1557 partim
480 1481 590 1548 alendo.
629 1479 774 1540 Efficimus
785 1480 870 1542 etiarn
883 1478 996 1538 domitu
1010 1491 1065 1537 no-

191 1544 247 1616 stro
262 1558 473 1634 quadrupedum
489 1557 633 1618 vestiones
653 1577 661 1616 :
681 1573 801 1634 quorum
824 1555 947 1614 celeritas
979 1567 1070 1635 atque

191 1629 233 1688 vis
259 1634 338 1692 nobis
359 1636 367 1692 i
389 1634 419 1693 fis
441 1635 519 1694 affert
540 1636 599 1694 vim
626 1636 656 1692 &
678 1633 857 1696 celeritatem.
894 1632 956 1690 Nos
974 1650 1072 1696 onera

190 1707 354 1782 quibusdam
369 1653 473 1783 lestis,
493 1728 544 1771 nos
555 1709 623 1788 juga
637 1710 833 1786 imponimus:
860 1726 911 1768 nos
934 1709 1071 1785 elephan-

171 1791 285 1870 ·torum
300 1787 456 1848 acnriffimis
470 1786 603 1858 sensrbus,
622 1805 674 1846 nos
688 1787 831 1862 sagacitate
845 1801 947 1844 canum
962 1785 999 1844 ad
1013 1786 1071 1844 uti-

189 1857 297 1922 litatem
311 1865 431 1924 nofiram
446 1866 597 1926 abutimur:
619 1881 671 1923 nos
684 1861 699 1922 ὲ
712 1875 792 1920 terrae
813 1863 936 1920 cavernis
957 1861 1067 1923 ferrum
1133 1864 1134 1873 ’

182 1935 332 2009 elicimus,
353 1959 412 2000 rem
427 1943 461 2002 ad
475 1941 608 2002 colendos
621 1957 701 2016 agros
713 1933 905 1997 necessariam:
925 1955 977 1998 nos
994 1940 1074 2012 aeris,

190 2017 313 2147 aqgenti,
332 2018 391 2077 anri
405 2035 507 2087 venas,
527 2017 634 2094 penitus
648 2016 767 2085 abditas,
786 2015 960 2084 invenimus,
981 2017 1070 2076 &ad

190 2104 269 2151 uum
284 2104 377 2169 aptas,
394 2095 427 2153 bt
442 2093 619 2156 adornatum
634 2093 763 2152 decoras:
786 2091 951 2150 ¹²arb0rum
965 2103 1069 2167 autern

190 2168 387 2240 consertione,
407 2172 543 2246 omnique
558 2171 696 2237 materia,
716 2169 747 2228 be
760 2167 857 2236 culta,
876 2169 907 2226 &
926 2165 1040 2230 filvefrn
1059 2213 1070 2239 ,

39 2261 50 2311 i
66 2257 142 2310 carfa·
190 2246 290 2316 partim
306 2246 341 2305 ad
355 2243 586 2307 icalefaciendum
601 2263 725 2322 corpus,
744 2245 802 2320 igni
815 2243 938 2305 adhibito
954 2287 963 2314 ,
983 2247 1071 2307 &ard

40 2319 376 2396 claun-usmitigandnm
393 2322 486 2383 cibum
498 2324 618 2394 utimur,
639 2323 737 2398 partim
753 2320 788 2380 ad
801 2319 1016 2394 aedificandum,
1034 2335 1072 2383 ut

42 2471 44 2476 Ι
192 2395 271 2456 rectis
283 2398 350 2473 septi
375 2401 477 2474 frigora
496 2399 656 2478 caloresque
671 2398 811 2474 pellamus.
872 2413 879 2417 “

132 2499 185 2560 152
230 2473 351 2550 Magnos
365 2473 434 2552 verb
455 2475 514 2535 usus
532 2475 612 2537 affert
636 2475 671 2534 ad
690 2475 801 2550 navigia
819 2473 973 2546 facienda,
992 2493 1074 2553 quo·

190 2565 252 2614 rum
273 2551 391 2614 cursibus
409 2551 614 2630 suppeditantur
639 2569 740 2612 omncs
766 2551 890 2630 undique
914 2553 950 2612 ad
977 2555 1071 2615 viram
1126 2588 1128 2591 ·

56 2641 170 2693 f.1.v11.
193 2629 303 2704 copiae:
320 2645 444 2707 quasque
457 2647 499 2690 res
512 2629 717 2690 violentissimas
730 2628 929 2706 naturagenuit
939 2673 956 2700 ,,
967 2647 1071 2692 earum

195 2705 420 2766 moderationem
436 2722 487 2766 nos
502 2705 550 2766 soli
565 2707 716 2773 habemus:
743 2707 825 2764 maris
859 2717 942 2782 atque
964 2719 1074 2768 vento-¹

192 2797 275 2860 rum,
294 2795 409 2857 propter
426 2784 598 2843 nauticarum
617 2799 710 2842 rernm
736 2781 902 2850 scientiam:
929 2782 1075 2858 plurimis-

193 2875 251 2934 que
265 2859 409 2918 maritimis
424 2862 502 2918 rebus
523 2861 639 2918 fruimur
665 2871 748 2935 atque
769 2859 883 2919 utimur.
920 2858 1074 2921 Terreno-

67 2959 75 2962 ·
147 2935 169 2974 Ν
192 2951 258 2992 rum
270 2935 340 2992 item
355 2937 578 2994 commodorum
590 2936 683 2994 omnis
698 2935 735 2992 eft
747 2935 776 2994 in
799 2934 917 2994 homine
937 2935 1074 2998 dominae

118 3077 120 3082 ,
191 3011 345 3080 rucqruos
359 3013 486 3086 campis,
515 3029 567 3071 nos
588 3013 728 3071 montibus
748 3011 888 3070 fruimur:
908 3013 1075 3072 nostrisnnt
1126 3016 1130 3043 '·

192 3104 309 3157 amnes,
328 3089 411 3147 nostri
423 3089 513 3148 lacus:
532 3107 585 3148 nos
603 3090 694 3164 fruges
714 3087 848 3156 serimus,
867 3105 919 3146 nos
939 3088 990 3147 arb

194 3182 248 3226 nos
261 3181 395 3262 aquarum
409 3163 614 3228 indnblionibns
628 3165 704 3226 terris
725 3163 938 3226 foecunditatem
951 3163 1014 3226 darn

206 3485 212 3498 Ι
227 3436 265 3475 12.
280 3427 396 3478 ,Arborum
405 3439 477 3480 aurern
487 3427 630 3498 erasmiana]
653 3400 798 3494 '‘fnmrnlur
813 3423 917 3495 appellat
928 3423 1006 3481 urin,

194 3483 263 3541 llll-1.
282 3491 333 3558 801.
363 3494 438 3557 vrfin.
581 3495 586 3504 '

958 3565 1014 3609 Ιί·Ὶ
1078 3605 1081 3608 .
