2268 3846
242 149 322 243 3032
398 179 400 184 ·
431 152 494 219 Da
517 151 714 220 Narona
736 151 930 218 Daoaoar

173 258 351 352 '‘131milium
367 256 467 318 dicitur
487 257 641 334 deportare.
670 255 826 338 'Multaque
846 257 898 318 alia
917 257 947 316 in
965 253 1110 324 aliis'locis

241 335 500 394 commemorabilia
514 337 637 411 proferre
651 333 776 412 polium:
797 335 901 396 multos
914 334 1108 414 lerdlesngrm,

241 412 311 470 allos
335 412 452 472 aliorum
473 412 624 472 fruetuum.
978 427 982 432 ’

247 493 250 500 “
281 488 361 547 Llll.
382 489 455 547 San
477 507 567 548 rtis
587 501 690 567 quanta
711 489 864 570 benignitas
884 499 1015 560 naturae,
1033 489 1109 568 qutd

241 577 300 624 tam
315 564 401 623 multa
415 566 450 634 ad
464 566 632 627 vescendum
648 608 657 637 ,
675 579 734 626 tam
767 569 841 627 varia
860 577 974 643 tamque
988 566 1109 643 jucunda

132 644 139 704 ’,
241 642 346 720 gignit:
366 659 459 718 neque
473 659 506 702 ea
518 661 577 703 uno
590 655 718 718 tempore
733 643 812 704 almi:
832 656 864 702 ut
880 642 988 718 semper
1010 645 1041 704 ὅτ
1060 661 1109 704 no

240 721 327 778 vitate
341 719 511 778 delectemur
536 722 566 779 δι
589 719 693 798 copil?
713 721 810 796 Qulm
825 719 1109 796 tempestivosautetn

239 795 334 864 dedit,
352 795 439 874 quim
451 795 575 864 salutares
588 815 648 857 nort
663 797 753 857 modo
766 797 917 858 hominum
931 825 945 867 ·,
964 795 1011 856 sed
1026 797 1108 857 etiam

168 885 173 898 ⁸
238 873 380 948 pecudum
394 875 512 950 generi,
531 875 563 934 iis
577 874 698 952 denique
709 873 855 961 omnibpsi
875 891 941 951 quae
954 873 1108 935 oriunturl

240 963 330 1021 terra,
350 963 450 1019 ventos
463 949 585 1024 Etesiae?
605 950 806 1030 quorumflatu
819 952 900 1012 nimii
919 962 1108 1028 temperantur

238 1026 352 1087 calores.
390 1027 556 1087 Ab'ilsdent
577 1031 661 1089 etiam
682 1027 813 1088 maritimi
841 1026 931 1088 cursus
953 1028 1058 1087 celeres
1081 1029 1109 1091 ἃ

238 1105 307 1178 cerri
326 1105 486 1182 diriguntur.
525 1105 618 1165 Multa
646 1103 837 1182 praetereunda
857 1105 941 1166 sunt:
962 1100 994 1164 a<
1014 1116 1107 1168 tamen

175 1192 228 1253 132
239 1181 325 1240 multa
339 1181 477 1242 dicuntur.
495 1181 659 1242 Enumerari
674 1182 750 1242 enim
764 1201 824 1242 non
856 1179 948 1260 offunt
961 1179 1107 1244 fluminum

89 1281 183 1321 natura
237 1260 471 1332 opportunitates:
492 1260 570 1318 aestus
585 1260 716 1319 maritimi
739 1259 839 1318 amun
903 1259 1109 1320 accedentes&

87 1333 168 1383 aeesr.
180 1347 231 1382 tum
239 1333 399 1393 recedentes
417 1354 424 1393 :
452 1349 563 1396 montes
579 1335 666 1397 vestiti
699 1341 783 1426 atque
802 1335 952 1396 slvessres:
971 1329 1063 1394 salina
1075 1336 1108 1394 ab
1130 1387 1131 1392 ,

85 1396 223 1506 :jfid‘m
240 1427 289 1468 ora
303 1413 440 1471 maritima
454 1414 643 1474 remotissimae
653 1433 659 1472 :
669 1411 1112 1474 medicamentorum-saturanum
1129 1403 1131 1462 l

86 1475 201 1572 ,ζμ
219 1517 221 1522 -
239 1486 401 1563 pleniffimae
413 1501 517 1549 terrae:
546 1505 622 1550 artes
636 1489 756 1568 denique
770 1487 1002 1566 innumerabiles,
1021 1489 1058 1550 ad
1069 1489 1109 1548 ti·

82 1584 166 1642 ¹secent.
240 1561 316 1630 stum
358 1566 389 1625 δι
415 1566 451 1628 ad
476 1567 564 1628 vitam
595 1565 760 1630 necessariae.
795 1567 858 1640 Jam
883 1565 939 1628 diei
964 1563 1131 1648 noctisquel

82 1651 171 1710 pavis.
225 1641 395 1704 1ticiliitudo
408 1641 552 1704 conservat
571 1647 724 1706 animantes
745 1686 754 1715 ‚
780 1644 901 1704 tribuens
917 1641 993 1702 alind
1010 1642 1108 1719 agendi

181 1751 182 1755 =
238 1729 373 1794 tempus,
392 1719 466 1780 aliud
485 1721 651 1798 quiescendi.
690 1721 735 1780 Sic
754 1719 878 1798 undique
903 1719 984 1778 omni
1003 1716 1108 1780 rarione
1129 1719 1131 1794 ζ

239 1793 437 1867 concluditur,
468 1811 564 1878 mente
583 1795 755 1876 consilioque
781 1797 878 1858 divino
898 1796 995 1856 omnia
1010 1796 1041 1855 in
1053 1797 1108 1856 ltoc
1129 1843 1131 1876 ,

239 1871 349 1934 mundo
363 1872 398 1933 ad
415 1871 529 1934 salutem
553 1876 684 1936 omnium
710 1873 1008 1950 conservationemque
1022 1871 1111 1934 admi·

238 1950 356 2010 rabiliter
370 1949 558 2012 administtari.
803 1995 806 1998 -
1128 1947 1131 2032 l

174 2043 226 2105 133
277 2027 325 2086 Sin
338 2039 470 2103 ”quaeret
482 2031 635 2106 quispiam,
654 2029 798 2106 majumam
814 2027 893 2089 cauli
912 2039 1052 2088 tantarum
1066 2044 1109 2088 re·
1128 2037 1131 2096 t

82 2120 105 2164 t·
119 2117 208 2170 stum
239 2122 301 2167 rum
317 2105 428 2164 molitio
439 2104 512 2174 rasta
527 2106 581 2166 fit:
609 2107 777 2166 arborumne
800 2106 830 2164 δι
848 2105 995 2165 herbarum
1012 2103 1026 2163 ?
1046 2121 1108 2182 quae

83 2170 143 2228 με·
239 2193 411 2261 quamquam
428 2180 485 2240 stne
500 2182 577 2244 sensu
590 2183 669 2252 sunt,
686 2195 783 2242 tamen
796 2181 812 2240 *a
826 2195 921 2242 natura
938 2180 1109 2242 sustinentur.
1129 2193 1131 2220 l

117 2259 213 2331 mm,
238 2273 266 2318 at
278 2259 307 2318 id
322 2258 436 2336 quidem
450 2257 593 2320 absurdum
609 2259 657 2320 eti.
693 2260 741 2319 An
757 2255 921 2324 bestiarum?
942 2257 1031 2318 nihilo
1046 2257 1109 2335 pto·

233 2335 362 2404 babillus,
382 2334 450 2396 deos
472 2349 612 2396 mutatum
639 2339 670 2396 &
698 2335 766 2396 nihil
795 2336 1008 2412 intelligentium
1032 2332 1109 2398 caefi

233 2426 343 2474 tantum
356 2410 495 2471 laboraffe.
534 2415 666 2490 Quorum
680 2414 764 2488 igitur
785 2411 864 2472 cauli
877 2413 938 2490 quis
953 2411 1055 2474 dixerit
1067 2413 1110 2472 ei·

81 2520 105 2562 ,o
120 2507 196 2558 so'nm
233 2491 340 2552 festum
355 2485 409 2549 else
424 2489 561 2550 mundum
577 2487 591 2549 i
618 2491 726 2549 Eorum
749 2487 874 2549 ⁰scilicet
894 2489 1082 2548 animantium
1098 2531 1109 2560 ,

81 2569 425 2647 nntm.1ds·quaeratione
442 2577 564 2628 utuntur.
601 2566 632 2626 hi
646 2565 708 2626 sunt
733 2564 772 2624 dii
798 2567 828 2625 &
841 2565 990 2626 homines:
1009 2565 1110 2643 quibus

232 2643 363 2724 profecto
378 2643 446 2704 nihil
461 2642 498 2702 est
511 2643 618 2704 melius.
655 2643 726 2704 ratio
741 2642 779 2701 eil
800 2643 877 2703 enirn
892 2685 902 2713 ,
920 2659 987 2719 quae
1001 2641 1110 2718 praestat

233 2724 372 2784 omnibus.
411 2717 486 2780 88itt
507 2719 539 2782 srt
560 2719 714 2790 credibile,
751 2718 872 2780 deorum
906 2719 937 2782 ὃ(
956 2719 1109 2782 hominum

505 2809 507 2814 ’
1045 2803 1131 2856 cau-³

233 2963 270 3006 tt.
288 2954 372 3013 navit:
403 2957 467 3004 eum
477 2949 575 3004 Davilio
585 2951 707 3011 faeerern,
722 2950 741 3002 sr
783 2962 861 3010 teter,
876 2949 1004 3000 andeliae
1019 2949 1109 3000 cicero

231 3018 368 3076 transtulit,
383 3016 425 3066 etii
436 3033 482 3066 nos
491 3019 612 3078 utriusque
621 3016 692 3066 verba
703 3031 735 3079 po
756 3031 822 3065 emus
835 3013 952 3065 conferre.
984 3015 1042 3063 Hoc
1052 3012 1110 3063 elim
1130 3067 1131 3074 χ

233 3077 410 3136 incertumst,
425 3081 526 3145 vulgatae
535 3079 634 3130 lectioni
644 3092 715 3128 tanto
724 3076 834 3128 libentius
850 3077 974 3134 adhaereo,
991 3079 1042 3128 onir
1078 3092 1111 3134 es,

231 3159 307 3206 qoam
325 3143 368 3195 illa
389 3141 516 3206 defignat,
537 3144 616 3192 minus
637 3141 670 3192 est
690 3139 832 3192 incredibilia
858 3141 932 3206 quim
955 3142 974 3189 al
1078 3140 1110 3190 la.

232 3211 387 3258 meetrrnm
399 3205 459 3256 illud
468 3219 517 3255 erat
528 3205 683 3257 verifimilitet
693 3205 803 3262 milium,
819 3219 869 3269 quo
880 3201 943 3268 apud
952 3217 986 3253 rt,
1078 3215 1109 3251 on

232 3283 328 3320 tanturn
343 3269 398 3320 indi
411 3269 577 3328 vescebantur,
599 3268 636 3318 led
652 3270 725 3318 etiarn
741 3272 869 3323 sarmatae,
889 3267 1015 3342 quierant
1077 3263 1111 3315 itti

232 3332 341 3384 fonribns
352 3333 414 3385 indi.
429 3333 489 3384 Vide
498 3335 618 3384 AElianum
629 3323 684 3384 val.
695 3329 753 3382 liiii.
761 3345 807 3382 nr.
815 3347 851 3388 stt·
869 3330 934 3382 &rbi
944 3331 1006 3380 Perta
1078 3343 1107 3380 n.

231 3400 332 3446 Bouhier.
657 3397 658 3403 ’

265 3467 303 3510 tt.
320 3467 356 3507 rra
361 3461 390 3519 fit
399 3461 516 3519 credibile.)
531 3458 651 3509 Haaenus
662 3457 721 3516 cufi,
729 3455 861 3523 iraque3seel
871 3455 982 3505 enclitica
991 3470 1034 3504 e..
1090 3452 1099 3466 '

230 3522 505 3587 prrsaberartalarinia,
519 3535 595 3589 eaque
608 3535 703 3590 proptet
721 3523 798 3600 reieci.
814 3525 928 3591 emeras,
960 3517 1006 3573 sed
1022 3531 1050 3570 an
1078 3469 1110 3630 Ξ
