2210 3802
221 55 308 138 3278.
504 53 594 120 'Da
636 4 800 118 Fato

222 168 249 226 sa
264 183 327 228 vera
342 167 382 228 est
394 167 458 228 haec
472 167 625 226 enuntiatio
642 210 650 235 ,
670 165 771 241 Capiet¹
793 163 989 236 Numantiam
1005 165 1091 244 Scipio

221 243 314 303 Potest
332 245 414 320 igitur
436 245 586 320 quidquam
601 243 705 302 ftaum
726 239 806 311 esse,
826 241 908 318 quod
925 262 991 304 non
1007 262 1090 304 verunt

223 320 306 378 suerit
321 321 443 380 sut'utum
459 318 520 380 esse.
557 337 621 380 nam
637 333 667 377 ut
681 321 817 394 praeterita
829 337 866 376 'ea
886 337 959 383 veta
975 321 1091 392 dicimus,

224 409 346 470 quotum
360 395 495 472 superiore
510 411 635 470 tempore
652 395 679 448 5⁶
689 411 752 452 vera
768 395 873 468 suerint
883 397 1023 456 *instantia
1039 419 1047 456 t
1064 399 1092 457 sit

225 471 344 542 futura,
364 491 489 550 quorum(
506 469 684 550 consequenti
705 484 834 546 tempore
862 489 934 532 vera
957 489 1043 534 erunt
1059 476 1093 534 iri·

227 547 321 606 stantia
337 593 345 619 ,
366 568 398 608 ea
413 567 478 608 vera
491 549 622 607 dicemus.
847 623 850 629 7

177 631 214 692 28
263 625 325 684 Nec
338 625 358 684 sr
373 643 460 684 omne
475 627 646 684 enuntiatum
661 634 708 682 aut
721 639 838 695 vemnr,
858 637 910 684 aut
924 625 1031 686 falsum
1047 629 1093 697 est,

223 699 343 776 sequitur
356 701 430 760 illico
444 700 496 760 esse
511 702 599 760 causas
613 699 815 771 immutabiles,
834 719 948 778 easque
970 719 1092 774 aeteruas,

222 794 288 911 puae
303 777 464 854 prohibeant
479 778 628 856 quidquam
642 777 844 848 secuscadere,
864 791 957 855 atque
980 781 1093 840 casurutu

234 867 264 912 rt.
303 855 424 914 fortuitae
438 853 499 912 sunt
514 855 615 922 causae‚
634 871 698 930 quae
714 853 851 923 efficiant,
871 868 906 914 ut
922 855 994 916 vete
1009 858 1092 918 dican·

223 939 285 998 tur,
304 946 368 1007 quae
383 933 420 989 ita
433 930 574 999 dicentur,
595 931 698 988 Veniet
720 930 791 989 Cato
814 934 843 989 in
862 932 1025 1004 senatum,
1043 953 1092 994 nott

225 1005 336 1068 inclusa:
351 1008 381 1064 in
395 1025 487 1065 rerum
511 1019 605 1064 natura
631 1020 712 1082 atque
728 1007 845 1066 mundo.
871 1008 911 1066 Et
927 1023 1031 1070 tamen
1042 1025 1092 1072 aaut

216 1082 264 1138 xesi
279 1082 450 1141 immutabile
465 1096 611 1141 venturum
628 1126 637 1152 ,
657 1084 720 1142 cum
735 1083 778 1141 cst
797 1100 898 1142 verum
916 1105 934 1160 ;¹
946 1086 1040 1162 qu'aru
1052 1105 1093 1147 te·

225 1154 314 1216 nisse:
335 1177 387 1218 nec
403 1159 439 1216 ob
461 1175 522 1216 eam
542 1161 648 1217 causam
670 1159 781 1227 fatum,
801 1172 849 1218 aut
869 1163 1023 1222 necessitas
1035 1164 1092 1222 enti·

78 1234 371 1294 1.cxuv1.mescenda
385 1234 430 1292 esi.
469 1234 505 1292 Et
519 1235 593 1293 'enim
612 1238 661 1293 erit
675 1233 947 1307 eonfiterineceffe,
973 1251 1002 1294 57
1014 1240 1090 1299 fistaec

227 1313 398 1378 enuntiatio,
418 1312 521 1368 Veniet
535 1313 562 1369 in
579 1311 766 1370 Tusculanum
782 1313 951 1374 Hortensius
969 1359 979 1384 ,
1002 1315 1088 1377 astera

226 1385 352 1455 nonest,
373 1385 490 1462 sequitur
503 1399 533 1445 ut
549 1389 609 1446 falsa
623 1388 662 1446 fit.
699 1405 817 1463 quotum
829 1389 873 1448 isti
889 1405 1030 1452 neutrum
1046 1411 1088 1452 to·

224 1462 293 1521 lunt.
331 1465 407 1540 quod
428 1463 486 1522 sieri
505 1481 562 1521 ιιοιι
591 1463 688 1539 potest.
724 1481 778 1522 nec
807 1466 1031 1543 uus,impediet
1052 1472 1088 1530 illa

223 1540 323 1614 ignava
337 1541 430 1610 ratio,
450 1557 514 1617 quae
529 1539 634 1600 dicitur.
671 1541 819 1622 appellatur
839 1541 918 1602 enim
941 1549 1058 1622 quidam
1073 1549 1087 1606 d

214 1828 264 1876 quo
274 1817 298 1865 in
313 1814 359 1868 rat,
371 1813 413 1867 sec.
425 1831 477 1863 otta
489 1815 548 1878 affut,
562 1813 658 1864 irus’itb.
670 1831 723 1862 ueta
734 1813 778 1875 effe.
801 1813 935 1866 Lambinus
950 1816 1042 1868 deiude
1055 1816 1085 1869 le·

214 1879 261 1942 gir,
280 1885 336 1942 cepit
350 1883 503 1928 Numantiam:
521 1878 558 1927 sed
570 1877 599 1926 stc
612 1879 676 1928 nulla
688 1877 775 1933 editio,
792 1879 858 1930 nulla
869 1879 959 1943 scripti.
979 1885 1065 1929 Gruter.

251 1952 286 1997 56.
308 1949 358 1994 Vera
365 1943 448 2002 fuerint
459 1942 559 1998 inflantia
569 1959 577 1987 t
589 1943 619 1999 fic
632 1943 710 1999 futura
724 1975 730 1998 ,
746 1956 836 2003 quorum
851 1944 991 2007 consequenti
1006 1958 1086 2008 tempere

215 2021 270 2052 vera
281 2021 342 2052 erum
353 2006 473 2063 tustanum]
488 2005 510 2053 Si
523 2001 550 2052 fit
562 2005 586 2052 in
597 2004 660 2052 hisce
671 2003 801 2052 commoda
810 2006 935 2067 σύιταῦς,
951 2007 1017 2058 nihil
1026 2010 1087 2071 eqni·

215 2067 273 2116 dem
283 2080 401 2118 mutatum
414 2069 495 2116 uelim.
527 2067 619 2116 Interea
634 2081 690 2114 vero
706 2068 763 2132 utini
780 2065 817 2115 fas
834 2065 862 2114 fit
877 2079 933 2117 cunt
945 2076 1012 2120 ven.
1025 2087 1086 2130 ¹47¹·

215 2143 343 2194 reponere,
358 2147 411 2178 veta
423 2130 495 2190 fuerit
504 2130 605 2189 sustantia
619 2146 627 2177 ι
639 2133 670 2189 fic
682 2130 775 2188 fetura,
791 2147 879 2188 quorum
889 2134 1087 2197 consequeremini,
1101 2168 1102 2190 ι

215 2207 243 2242 ut
253 2194 303 2244 Bal.
317 2193 408 2250 noster,
421 2194 565 2252 subsequenti)
581 2206 669 2256 tempore
681 2210 733 2238 vera
745 2195 786 2240 erit
797 2194 917 2251 instantia,
949 2215 978 2242 ea
991 2215 1043 2244 vere
1056 2197 1087 2244 di·

142 2279 145 2284 ·
215 2257 296 2304 centuri
328 2257 431 2317 instantia
445 2255 508 2303 mihi
529 2255 619 2305 videtur
635 2270 724 2304 nornen
745 2253 933 2312 substantivum,
949 2261 1021 2322 qood
1038 2275 1085 2324 pro

215 2319 374 2382 pinquitatem
386 2319 424 2366 vel
440 2319 619 2368 imminentiam
629 2317 736 2367 denotat.
768 2319 803 2365 Sic
821 2332 883 2368 certe
897 2319 950 2368 usus
969 2323 1006 2374 est
1024 2324 1085 2388 Nigi-

211 2379 264 2430 dius
276 2379 337 2444 apud
353 2381 473 2444 agellium
485 2381 526 2430 lib.
535 2395 569 2430 tx.
586 2397 637 2444 cap.
650 2398 684 2430 12.
719 2381 799 2439 Davis.

245 2461 282 2500 57.
298 2447 326 2493 St·
336 2449 376 2492 hec
387 2447 523 2501 enuntiatio,
537 2449 607 2490 ueniet
619 2449 643 2491 in
653 2445 801 2503 -Tuseulatttem
820 2443 944 2500 Hortensius
956 2479 964 2502 ,
981 2464 1037 2494 m
1049 2465 1083 2494 m

215 2507 262 2568 est,
278 2523 354 2555 verrem
368 2525 409 2553 uon
429 2508 466 2568 effe
481 2511 505 2556 t'n
520 2509 661 2567 Tusculanum
677 2520 792 2552 venturum
808 2507 944 2564 Hortenfim
956 2527 966 2566 3
978 2511 1000 2569 fi
1014 2525 1083 2558 verm

215 2588 258 2618 nte
268 2571 435 2632 elhsequs'tunt
452 2569 486 2617 sic
497 2570 558 2618 hunc
568 2571 660 2623 locum,
677 2570 758 2630 quiin
774 2569 885 2616 omnibus
902 2569 972 2620 libais
990 2573 1082 2638 vulgarit

213 2645 264 2682 erar
275 2635 337 2682 lacet
348 2637 372 2681 dc
382 2633 494 2688 mutilus,
511 2634 596 2695 partim
608 2647 654 2696 ope
666 2645 769 2679 ueterum
780 2631 913 2690 Codicum,
929 2639 1022 2698 partim
1032 2651 1082 2684 em·

214 2695 304 2758 iectura
319 2696 488 2759 redintegrati,
504 2695 624 2744 accesitsr.
659 2699 755 2742 Lemnia.
966 2743 969 2748 ,

248 2767 285 2811 ςι,
304 2761 378 2805 lerum
388 2777 428 2805 non
438 2757 486 2817 ess,
503 2758 601 2819 sequetur
617 2771 640 2804 ut
652 2757 735 2817 falstem
745 2757 794 2814 stu]
824 2757 892 2805 Haud
907 2761 980 2808 aliter
998 2760 1082 2812 Aldus,

215 2819 351 2875 Turnebus,
370 2821 500 2876 vrttostus,
515 2820 640 2883 firmatque
653 2822 699 2869 Fal.
714 2817 756 2868 sec.
774 2833 851 2881 neque
862 2821 950 2871 aberant
962 2823 1005 2868 alii
1016 2821 1082 2881 uoslri

217 2881 293 2943 quam
304 2882 370 2944 qttod
381 2885 396 2930 ii
406 2899 477 2938 vera,
496 2884 555 2931 irem
562 2883 629 2943 fatfit.
646 2897 670 2932 at
682 2882 809 2931 Lambinus
825 2883 951 2946 ingentem
963 2885 1082 2934 verboram

219 2947 311 2996 molem
324 2945 371 2994 istis
381 2945 545 3002 intermiscuit,
561 2947 714 3008 proculdubio
725 2957 803 2993 totam
814 2943 843 2992 de
854 2945 894 2993 sito
906 2981 913 3000 ,
931 2950 989 2996 lieet
1001 2961 1083 3010 partem

220 3011 340 3058 admittat.
357 3013 444 3057 Gruter.
479 3010 639 3068 Veronensi,
649 3011 750 3072 seqnitur
763 3019 788 3054 ιιι
797 3007 916 3068 falsaſse]
948 3013 1014 3074 vulg
1050 3029 1082 3058 tte·

205 3071 374 3128 wem-nendi,
395 3071 508 3134 fitqttt'tut,
530 3086 554 3117 ιιι
566 3072 652 3131 falsam
663 3073 699 3130 fit.
733 3069 814 3119 Nostri
829 3085 885 3118 veto
902 3077 1014 3124 MSSti.l
1050 3075 1083 3121 iu·

219 3151 277 3184 nem
289 3169 296 3190 ‚
313 3149 387 3195 quam
399 3131 502 3194 amplexi
514 3130 607 3189 sumus,
624 3133 800 3196 praeseferunt.
833 3133 939 3198 Insuper,
955 3151 1010 3199 qut
1050 3151 1083 3184 ιι·

217 3197 264 3252 so,
280 3201 305 3246 in
319 3198 383 3245 hisce
399 3197 473 3246 verbis
488 3196 546 3244 inest
562 3196 704 3245 cottsltus’tlo
719 3230 726 3252 ,
743 3199 784 3244 etit
801 3197 894 3257 confiteri
910 3201 1004 3262 neceffe,
1050 3202 1079 3244 ιιι·-

166 3266 184 3314 J
216 3269 275 3305 aur?
292 3265 372 3320 ltaque
388 3263 434 3308 let.
452 3265 543 3307 stamus
556 3260 682 3324 legendum
693 3260 772 3314 vidit,
789 3260 857 3318 sequi.
892 3262 1010 3324 Redcqu
1050 3275 1081 3315 m,

188 3321 190 3326 ’
215 3319 258 3367 nist
270 3323 333 3382 quod
347 3324 428 3382 paullo
435 3323 536 3396 propius
555 3323 585 3370 ad
601 3337 719 3386 receptam
734 3320 871 3387 scripturam
886 3325 990 3374 mallert-
1050 3325 1084 3389 qus

218 3384 389 3443 rtem,utfassa
407 3386 441 3442 fit.
475 3383 554 3433 Davlss
755 3401 757 3406 ·
