2234 3814
199 65 281 162 3208
343 65 418 132 Da
460 62 908 155 Drvrrtnrrorrr.

113 221 118 230 ,
202 177 342 264 potuerit,
363 193 422 238 non
437 175 492 237 eise
506 175 674 236 mirandum.
712 173 864 236 Causam'nr
880 175 967 236 enim
981 177 1092 256 ignora·

199 254 242 312 tio
256 270 286 312 rn
299 272 329 314 re
343 272 418 314 nova
436 255 612 314 mirationem
625 253 701 313 sacin
738 252 840 312 eadem
856 251 1010 328 ignoratio
1027 258 1090 321 filu

45 357 61 395 a
75 341 174 396 ridens
198 329 279 390 rebor
291 331 412 392 ⁸usitatis
427 331 483 401 cll,
504 347 562 391 nou
577 333 718 391 miramur.
760 331 892 406 namqui
909 333 1029 394 mulam
1044 353 1091 411 pe-

47 409 131 472 mwis
199 404 295 484 periffe
310 410 439 478 miratur,
458 403 506 479 ia,'
517 425 576 486 quo
591 407 684 468 modo
693 408 876 496 equapariat‚
901 421 955 468 aut
964 415 1089 473 omnino

199 501 264 560 quae
279 499 376 546 natura
390 498 499 564 parrum
514 486 658 546 animantis
672 484 772 551 sacrat,
786 484 910 560 ignorat.
928 484 983 546 sed
994 489 1090 566 ,quod

198 561 295 622 crebrd
310 563 403 634 videt,
422 582 481 624 non
496 563 628 631 miratur,
653 559 799 631 etiarnsi,
825 573 876 620 eur
892 559 944 622 frat
960 605 972 632 ‚
994 565 1089 626 nescir.

77 671 157 714 ,mm
198 639 276 716 quod
290 639 376 700 bane
392 659 451 700 non
473 640 565 708 uidit;
593 637 623 697 id
646 637 666 696 fi
686 638 837 705 evenerit,
856 636 1012 702 ostentum
1035 639 1088 703 effe

91 731 117 784 s,
197 715 298 776 censet.
338 719 441 780 Utrum
455 717 561 794 igitur,
581 713 647 773 cirm
668 715 800 790 concepit
820 715 901 774 mula
921 757 931 784 ,
955 735 997 778 an
1021 718 1086 780 edm

148 809 187 868 ςο
195 794 318 930 peperit,
337 796 476 856 ostentum
491 791 550 854 eli?
590 791 749 878 Conceptio
764 804 864 850 contm
879 805 1020 880 naturam
1031 795 1087 856 ior.

194 883 222 931 ta
245 889 283 934 e:
303 871 350 932 sed
370 886 459 949 partus
480 869 567 948 prope
587 866 757 932 nocellarrue
798 867 856 927 Sed
876 868 953 945 quid
976 870 1085 947 plura?

194 961 289 1008 ortum
299 948 442 1010 videamur
454 949 641 1024 haruspicinae.
679 941 875 1014 ficiacillimd,
896 945 973 1024 quid
984 948 1087 1009 habear

197 1025 381 1094 auctoritatis,
397 1023 590 1102 judicabimus.
758 1073 762 1080 .
1115 1081 1116 1084 ,

172 1111 174 1114 ·
231 1102 339 1161 xxlll.
359 1103 495 1162 Trous
515 1100 629 1179 quidam
645 1099 745 1168 dicitur
759 1098 789 1158 in
805 1114 875 1174 agro
883 1095 1084 1176 Tarquinien-

41 1185 68 1248 ιζ
82 1195 169 1250 cm,
193 1177 231 1246 li,
251 1169 401 1238 cimiteria
414 1189 550 1246 araretur,
568 1179 599 1238 dt
611 1177 700 1236 sulcu
718 1173 797 1243 altius
817 1171 886 1234 effer
911 1175 1082 1254 impressus,

193 1253 318 1320 exstitisse
332 1254 462 1332 repente,
482 1256 594 1315 &eum
614 1253 713 1314 affatur
732 1251 812 1322 elle,
831 1252 884 1324 qui
907 1255 1014 1315 arabat.
1055 1255 1084 1318 le

100 1397 105 1404 ,
193 1345 288 1392 autem
303 1335 413 1408 Tages,
432 1347 464 1392 nt
476 1331 506 1392 in
517 1331 591 1396 libris
605 1327 849 1405 eletruscorum,
868 1331 973 1416 puerili
985 1331 1082 1408 specie

192 1408 397 1478 liciturum,
417 1393 551 1470 restem
572 1404 650 1468 ruffe
670 1405 826 1482 prudentia.
852 1422 913 1478 eius
942 1409 1081 1486 adspectu

193 1485 258 1546 edm
274 1482 450 1564 bbdupuiliet
464 1484 611 1553 bubulcus,
631 1479 841 1559 clamoremque
853 1483 1079 1558 maioremcum

192 1561 375 1623 admiratione
389 1561 537 1630 edidiflet3
558 1560 724 1620 coneursum
745 1557 799 1618 elle
820 1559 950 1630 sedium.
970 1573 1082 1624 toram-

134 1665 142 1676 ν
193 1656 250 1714 que
265 1639 341 1697 brevi
354 1652 481 1715 tempore
495 1641 523 1697 in
538 1651 604 1696 eum
618 1638 714 1696 locum
729 1625 867 1696 mmmm
888 1639 1079 1706 convenisse:

193 1725 254 1774 tum
265 1715 346 1774 illum
362 1716 437 1792 plura
451 1716 579 1774 locutum
591 1713 686 1772 multis
697 1713 889 1783 audientibus,
907 1717 961 1790 qui
977 1719 1079 1779 omnia

187 1793 254 1867 ejus
272 1795 351 1850 verba
359 1794 518 1866 exceperint
530 1791 680 1866 litterisque
689 1790 896 1850 mandaverint:
911 1801 941 1846 41
951 1810 1078 1854 omnem

193 1881 287 1928 autem
304 1871 460 1930 orationem
476 1864 554 1928 fuisse
568 1884 650 1936 eam,
668 1884 724 1944 qua
737 1866 917 1943 haruspicinae
928 1866 1081 1946 disciplina

193 1947 399 2016 contineretur,
419 1963 481 2004 eam
501 1943 595 2020 postea
616 1942 729 2004 crevisse
749 1943 828 2003 rebus
857 1944 939 2007 nortia
964 1963 1080 2024 eogno-

193 2023 324 2094 scendir,
359 2025 389 2082 dt
408 2023 444 2082 ad
456 2023 556 2081 eadem
577 2021 621 2081 illa
643 2021 777 2096 principia
798 2019 960 2080 referendis.
1002 2025 1081 2085 Haec

154 2117 164 2126 ²
192 2103 351 2176 accepimus
372 2100 405 2158 ab
428 2099 510 2174 ipsis:
531 2099 593 2159 haee
605 2097 701 2174 scripta
715 2094 895 2158 consonante
915 2096 999 2160 hune
1012 2103 1081 2162 fon,

194 2189 254 2238 tem
272 2179 374 2237 liabent
389 2177 546 2252 disciplinate

147 2266 183 2328 5¹
233 2258 311 2312 Num
327 2271 395 2328 ergo
408 2271 478 2328 opus
493 2253 530 2310 eil
543 2252 577 2311 ad
591 2253 654 2311 haec
668 2249 818 2310 refellenda
831 2249 1078 2318 Cameadernum

194 2327 337 2406 Epicuro?
357 2331 440 2390 Ellne
454 2330 598 2406 quisquim
614 2330 652 2388 ita
666 2327 818 2402 desipiens,
836 2327 885 2403 qui
899 2329 999 2390 credat
1014 2351 1080 2393 exa·

197 2419 286 2470 rarum
308 2403 386 2476 elie,
411 2406 497 2466 deum
517 2407 608 2466 dicam
625 2447 635 2474 ,
653 2420 689 2464 an
710 2403 886 2464 hominem?
907 2402 969 2465 4⁸s1
991 2409 1078 2480 deus,

48 2515 63 2553 ι
78 2501 174 2556 Μαι.
200 2502 248 2545 cur
263 2485 290 2544 le
304 2496 401 2544 contra
414 2497 540 2544 naturam
556 2485 586 2542 in
605 2496 706 2541 terram
722 2481 875 2540 cabdiderit
890 2523 899 2549 ,
920 2494 953 2540 ut
968 2491 1078 2560 patefa-

48 2579 84 2621 ιιι
95 2571 170 2622 aab.
200 2561 355 2623 dusamtro
368 2561 460 2622 lucem
474 2557 643 2637 adspiceret?
654 2555 753 2632 Quid?
767 2559 843 2618 idem
857 2573 1078 2636 nonneporerat

198 2640 267 2700 deus
280 2640 438 2707 hominibus
452 2635 619 2712 disciplinam
632 2633 769 2712 superiore
778 2635 801 2694 ὲ
813 2635 879 2694 loco
893 2633 1028 2696 tradere?
1050 2641 1077 2702 Si

197 2729 291 2776 aurern
306 2717 397 2775 homo
420 2715 465 2775 ille
489 2714 582 2789 Tages
601 2715 678 2780 luit,
711 2728 840 2788 quonam
866 2709 959 2772 modo
981 2718 1078 2791 potuit

197 2791 269 2852 tend
283 2791 422 2870 oppressus
444 2790 564 2850 vivere?
597 2789 673 2850 unde
693 2787 778 2864 porro
801 2789 846 2846 illa
867 2791 985 2864 potuit,
1006 2810 1074 2869 quar

195 2869 314 2930 docebat
327 2867 473 2944 alios,ipie
491 2864 632 2947 didicisse?
650 2865 699 2926 sed
711 2881 766 2942 ego
773 2863 963 2942 insipientior,
983 2869 1074 3012 quaffi

1035 2965 1046 3006 1

226 3196 266 3242 47.
281 3187 370 3230 omnam
380 3190 450 3238 aurem
465 3177 580 3225 orationem
592 3172 658 3234 fuiffi
669 3187 736 3229 eam,
751 3187 795 3238 qua
811 3171 894 3235 Harusp

193 3259 222 3296 ru
231 3248 390 3302 ruminarem.)
407 3243 459 3298 Qu
471 3253 515 3304 pro
524 3253 568 3303 qua
582 3233 692 3302 scriptum
704 3236 737 3286 eil
748 3239 775 3286 iu
785 3249 865 3285 vetere
878 3235 948 3286 libro.

224 3315 263 3367 4⁸·
280 3310 398 3364 dioran]
414 3304 481 3367 vulg.
496 3303 517 3360 ss
530 3309 620 3358 ommi
636 3314 766 3367 eum'uero
780 3299 860 3349 noller
875 3301 901 3348 iu
912 3313 986 3350 mem.
1062 3323 1071 3339 ·

211 3366 367 3423 corradicat,
379 3371 480 3427 fiam
497 3367 566 3428 (Lep.
577 3365 611 3421 fio
624 3361 708 3426 mm)
725 3365 838 3416 nantilla
854 3365 919 3428 Tages
931 3361 952 3424 f
969 3367 973 3374 “
1062 3387 1072 3400 ·

213 3432 253 3486 'aia
262 3431 315 3485 nal.
326 3429 461 3484 austeritati
470 3428 597 3495 paruimus.
630 3432 685 3477 Dav
698 3427 728 3481 il.
892 3469 896 3476 .
